3409 5250
1370 273 1704 370 Dispositio.
2564 273 2583 290 ⁸
2806 279 2899 350 23

135 446 290 508 lino
337 446 656 526 plurimas·
693 446 864 510 licet
923 445 1364 508 diversissimas
1423 447 1666 528 species
1726 445 2087 523 continenti,
2154 448 2245 510 St.
2302 447 2727 528 erythr'optero
2773 471 2890 530 pro

139 545 276 616 typo
319 536 690 616 proposito,
754 536 1002 598 labium
1061 536 1594 610 membranaceum,
1651 535 1767 596 sub
1810 535 2007 616 palpis
2052 537 2413 616 elongatum,
2476 540 2757 616 trifidum,
2804 541 2893 602 la·-

147 624 280 688 ‘iaia
321 625 712 688 intermedia
759 625 1010 702 latiore,
1055 624 1224 704 apice
1267 625 1604 702 rotundata,
1649 625 2144 706 subemargiuata,
2160 625 2505 688 lateralibus
2542 631 2727 708 paulo
2757 631 2891 690 lon-

143 715 414 794 gioribus.
465 715 884 793 distantibus,
933 714 1144 790 acutiS,
1188 713 1376 796 ligula
1419 715 1911 798 paraglossisque
1960 717 2338 794 computatiS,
2386 717 2550 796 Oxy
2560 739 2759 798 poro
2804 720 2891 784 la-

145 805 292 866 bium
311 805 755 885 „elongaturm
799 805 1346 881 membranaceum,
1382 804 1793 883 cylindricum‚
1832 805 2261 884 emarginatum
2294 822 2430 867 cum
2477 808 2805 872 mucrone”
2834 817 2895 869 ct

143 895 280 958 Pae
295 894 490 956 dero
537 903 1003 974 „porrectun,
1061 893 1608 970 membranaceum,
1669 894 2099 970 cylindricum,
2146 894 2319 974 apice
2363 903 2731 974 truncatum,
2779 897 2893 959 ob-

143 995 346 1060 tusum,
401 983 800 1064 integrum,’'
847 982 912 1046 in
959 995 1224 1066 utroque
1267 981 1450 1062 lig-ula
1497 990 1558 1044 et
1601 983 1977 1062 paraglossis
2022 984 2273 1046 omnino
2320 985 2628 1064 neglectis,
2676 989 2891 1058 tribuit,

147 1075 523 1153 Oxyporo
569 1073 902 1154 plurimos
950 1093 1110 1156 quos
1156 1072 1443 1153 cognovit
1489 1072 1977 1158 Tachyporinos,
2024 1093 2295 1155 quamvis
2344 1075 2623 1136 distincte
2671 1077 2891 1157 palpos

147 1183 348 1224 eornm
401 1163 756 1228 iilisormes
820 1181 966 1224 esse
1023 1163 1260 1224 monuit
1319 1161 1821 1244 acutissimusque
1880 1163 2135 1245 quisque
2204 1169 2450 1241 auctor,
2508 1167 2895 1243 pertinaciter

148 1253 438 1314 adiiciens.
505 1253 582 1314 In
622 1253 1098 1333 Syetemate
1133 1252 1823 1326 Eleutheratorum
1866 1252 2129 1334 denique
2174 1261 2451 1334 quartum
2496 1258 2896 1334 geuuS,Ste-

149 1362 310 1418 nuS,
360 1362 401 1403 a
441 1343 794 1410 Lan-emin
843 1343 1182 1418 conditum,
1237 1362 1276 1404 a
1319 1341 1616 1421 Paykullo
1663 1351 2005 1421 receptum,
2063 1341 2257 1421 palpis
2302 1342 2743 1424 inaequalibus»,
2790 1365 2899 1408 an-

153 1431 460 1494 terioribus
505 1431 912 1512 longissimis
959 1439 1022 1496 et
1063 1431 1338 1494 antennis
1399 1430 1573 1492 clava
1623 1431 1823 1493 solida
1886 1431 2285 1502 distinctum..
2328 1433 2583 1512 addidit,
2654 1437 2897 1514 generis

155 1530 338 1584 autem
393 1520 900 1586 illustrationem
958 1541 1036 1590 ex
1097 1520 1226 1583 oris
1284 1519 1512 1582 fabrica
1567 1521 1881 1582 erroribus
1930 1520 2201 1600 pluribus
2246 1524 2493 1587 omnino
2540 1544 2897 1604 perversam

161 1630 462 1690 perperam
505 1631 548 1672 a
595 1611 942 1698 Paykuno,
983 1611 1098 1673 nisi
1144 1609 1400 1690 Paykull
1452 1610 1584 1689 ipse
1631 1612 1783 1672 hanc
1830 1609 2121 1682 misellam
2168 1611 2293 1674 oris
2338 1613 2813 1692 descriptionem
2860 1633 2897 1673 a

161 1699 424 1763 Fabricio
471 1700 830 1782 acceperit,
867 1700 1174 1776 mutuavit,
1193 1718 1396 1781 neque
1421 1699 1616 1764 minus
1641 1701 2025 1780 improspere
2049 1699 2347 1764 Nitidulas
2377 1704 2663 1783 quasdam
2688 1703 2897 1770 elvtris

168 1789 508 1853 abbreviatis
535 1799 604 1854 et
633 1790 958 1854 Omalium
985 1789 1290 1873 quoddam
1335 1790 1548 1868 generi
1589 1789 1727 1850 huic
1750 1809 1927 1871 quam
1974 1790 2229 1853 maxime
2275 1792 2531 1854 naturali
2556 1792 2893 1871 adscripsit.

327 1879 600 1944 Maxime
667 1882 760 1942 de
821 1881 936 1942 hac
995 1879 1213 1942 familia
1270 1878 1519 1942 meritus
1583 1887 1678 1941 est
1738 1878 1851 1942 cel.
1914 1879 2284 1952 Gravenh
2306 1890 2505 1959 orst,
2588 1883 2691 1964 qui
2750 1884 2899 1948 dua-

177 1965 280 2028 bus
329 1970 816 2051 Monographiis
883 1970 1134 2032 eandem
1198 1969 1608 2048 (Microptera
1664 1971 1969 2044 vocatam)
2028 1969 2345 2034 illustravit
2402 1979 2463 2033 et
2514 1973 2745 2051 primus
2792 1989 2899 2050 ge-

180 2074 314 2116 nera
361 2061 659 2122 naturalia
721 2060 962 2120 invenit
1019 2067 1082 2121 et
1123 2059 1410 2139 singulari
1452 2057 1751 2122 habilitate
1796 2057 2081 2121 distinxit.
2172 2059 2355 2122 Notis
2400 2060 2690 2140 imprimis
2737 2061 2898 2122 habi-

181 2146 420 2210 tualibus
461 2169 706 2230 genera
765 2146 850 2211 14
879 2147 996 2211 cel.
1040 2155 1254 2219 auctor
1297 2148 1358 2216 in
1387 2147 1755 2227 Micropt.
1794 2149 2125 2216 BrunSV.
2169 2149 2289 2218 hoc
2334 2151 2521 2218 modo
2571 2149 2899 2230 disposuitz

201 2263 248 2362 Ξ
1171 2277 1352 2326 ovato.
1408 2269 1662 2326 Articulo
1693 2270 1777 2326 ul-
1998 2303 2011 2318 ·

201 2369 252 2414 ,Ξ
311 2340 707 2427 autumatis·
728 2280 1170 2530 Antmnanm{
1207 2343 1344 2396 timo
1381 2331 1680 2425 palporum
1832 2311 2148 2435 ἓξὲἷὲῃῖεῐῗ
2290 2309 2377 2434 lg
2416 2309 2717 2434 gt‘z‘sstn'

199 2419 250 2502 ,Ξ
343 2412 562 2468 articulo
597 2414 814 2476 ultimo
1207 2413 1587 2498 posteriorum
1697 2485 1711 2498 ι

197 2507 242 2564 3
1174 2484 1484 2558 cylindrico
1580 2526 1597 2546 .
1676 2529 1689 2550 .
1764 2523 2235 2546 ......
2324 2489 2377 2542 4.
2422 2487 2727 2541 Gallu-ms.

202 2569 238 2639 g
297 2554 683 2639 ae-artieulatizz.
755 2555 1140 2630 inaequalibus
1227 2594 2235 2615 ............
2292 2561 2375 2614 ll.
2418 2563 2717 2632 Oaeyporus.

203 2676 232 2701 a
326 2630 586 2709 mealia
599 2630 694 2687 ul·
1107 2630 1406 2691 rotundato
1497 2667 2234 2688 .........
2329 2634 2381 2686 1.
2426 2632 2784 2703 Staphyliaas..

186 2708 250 2783 Ξ..
327 2700 470 2756 nmis
481 2704 694 2775 palpo·
879 2728 1056 2783 „vatis
1239 2774 1257 2787 ἢ
1447 2708 1765 2788 extrorsum
1902 2700 2213 2771 marginato
2328 2706 2375 2759 7.
2421 2705 2693 2761 omli-m·

189 2788 236 2863 ἑ
323 2788 444 2827 mm
527 2886 534 2895 .
649 2886 660 2897 .
894 2646 1391 2987 Th⁰'{}}1?tffilg;to.
1465 2777 1849 2903 '1333ngssss
1900 2772 2181 2907 illlgzgrg?
2216 2882 2235 2899 .
2291 2847 2378 2901 10.
2426 2846 2698 2899 Tae-Mnus.

761 2878 816 3002 Ξ
903 2888 1038 2929 ⁸⁸⁰⁰
1123 2918 1392 2974 Antennis
1445 2918 1811 2974 filiformibus.
1900 2916 2131 2970 cordato
2223 2956 2235 2969 .
2326 2918 2377 2973 8.
2413 2916 2819 2985 Anthovlmgtu.

761 3004 816 3056 ’Ξ
1479 2990 1737 3049 Thorace
1898 2989 2165 3060 quadrato
2218 3026 2234 3045 .
2298 2991 2378 3043 14.
2420 2990 2747 3059 Pinophtlus.

780 3061 818 3095 '³
921 3060 1388 3117 Securiformibus
1423 3100 1436 3115 .
1513 3100 1528 3117 .
1601 3099 1616 3116 .
1789 3097 1806 3113 .
1952 3101 1964 3115 .
2040 3098 2055 3115 .
2131 3098 2145 3114 .
2223 3097 2238 3114 ·
2296 3063 2377 3115 13.
2412 3067 2585 3116 Aura
2660 3078 2767 3113 eus.

765 3094 836 3203 Ξ
905 3131 1128 3206 gracili
1285 3131 1548 3203 elongato
1587 3102 2243 3189 .........
2329 3136 2379 3187 2.
2416 3078 2777 3189 ιαεΙυ-Ριιῖειηι.

939 3205 1064 3271 bus,
1428 3272 1441 3285 .
1528 3272 1540 3287 .
1622 3203 1873 3287 laevibua
1958 3239 1973 3256 .
2049 3240 2064 3257 .
2141 3244 2154 3257 .
2226 3238 2241 3255 .
2326 3206 2381 3258 5.
2420 3203 2733 3257 Aleon-liam.

909 3132 2242 3490 5532..fo¹³²{1333u1m3333iat3
2326 3310 2381 3436 ι
2426 3309 2783 3451 Ἐπ’·-

995 3436 1168 3475 cracc
1553 3430 1562 3437 '
1740 3432 1909 3474 crace

345 3498 416 3559 In
480 3513 684 3575 opere
747 3512 864 3559 suo
925 3494 1304 3575 posteriore,
1371 3492 1723 3573 Monogr.
1780 3492 2151 3573 Micropt.
2221 3492 2405 3553 Dom.
2466 3488 2899 3561 Gravenhorst,

185 3586 660 3649 Callicerum
705 3582 1102 3659 Aleocharae,
1167 3584 1688 3661 Astrapaeum
1733 3582 2089 3663 Staphylino
2136 3580 2375 3655 adiecit,
2422 3588 2483 3639 et
2526 3578 2721 3639 minus
2771 3575 2902 3635 feli-

185 3678 322 3738 citer
365 3684 556 3758 atque
606 3675 816 3754 potius
859 3680 1074 3737 contra
1111 3680 1386 3741 naturam
1431 3672 1913 3753 Pincphilum
1960 3672 2287 3735 Lathrobio
2353 3668 2685 3742 subiunxit,
2744 3685 2905 3728 nova

187 3776 376 3829 antem
437 3764 562 3827 tria
619 3782 850 3843 genera
905 3762 1159 3825 addidit:
1223 3766 1458 3825 Lome
1475 3762 1771 3825 chusam
1832 3760 1913 3823 ob
1974 3761 2235 3823 thoracis
2292 3760 2551 3821 formam
2596 3757 2669 3818 ab
2716 3755 2907 3815 Aleo-

191 3856 358 3917 cbara
403 3854 772 3929 distinctam,
811 3853 1147 3921 Euaesth
1165 3861 1378 3929 etum
1426 3858 1731 3921 structura
1774 3852 2039 3913 thoracis
2088 3870 2225 3913 cum
2251 3849 2554 3929 Oxytelo,
2588 3846 2905 3926 palporum

197 3959 244 4007 et
281 3952 690 4007 antennarum
736 3963 874 4005 cum
919 3943 1112 4005 Steuo
1160 3941 1653 4017 convenientem,
1713 3942 2094 4014 Piestum,
2146 3958 2415 4019 corpore
2461 3938 2795 4015 depresso,
2843 3941 2905 3994 ct

189 4036 440 4115 pedibus
489 4032 812 4110 brevibus,
855 4031 1102 4110 validiS,
1157 4032 1314 4095 tibiis
1359 4039 1638 4093 serrato-
1651 4031 1861 4093 ciliatis
1908 4030 1981 4095 ab
2027 4030 2428 4109 Antlicphago
2475 4026 2905 4088 discedentem.

191 4156 272 4169 —
313 4122 842 4203 „Latin-obierum,
886 4121 1318 4196 Paederorum
1375 4122 1704 4183 Stencrum
1752 4117 2071 4199 palporum
2114 4126 2479 4182 structuram
2520 4114 2679 4176 haud
2724 4132 2909 4173 accu-

193 4214 484 4277 ratissime
537 4212 770 4275 vidisse
827 4212 1010 4274 Dom.
1056 4210 1498 4281 Gravenhorst,
1543 4240 1633 4255 --
1691 4210 1783 4271 his
1828 4208 2073 4271 insectis
2118 4209 2337 4289 palpcs
2382 4204 2721 4269 maxillares
2769 4202 2909 4263 arti-
2905 4202 2948 4236 ·,

196 4304 342 4367 culis
399 4310 702 4386 quatuor,
767 4300 986 4362 ultimo
1039 4308 1240 4369 tamen
1291 4302 1534 4379 saepius
1593 4298 1676 4363 ob
1738 4300 2063 4361 exilitatem
2124 4317 2247 4378 ope
2294 4297 2471 4358 etiam
2516 4290 2909 4371 microscopii

197 4393 294 4454 vix
331 4391 692 4473 conspicuo,
741 4389 1132 4471 compositos;
1181 4422 1262 4439 --
1311 4408 1606 4469 genera
1649 4388 2143 4469 Stapliylinorum
2188 4386 2263 4447 ab
2308 4384 2413 4447 illo
2458 4394 2713 4445 anctore
2759 4398 2903 4460 pro-

201 4484 398 4563 posita
441 4480 842 4556 naturalia,
889 4479 1346 4557 optimaffied
1384 4479 1970 4541 characteribus
2016 4477 2263 4551 novis,
2302 4492 2393 4535 ex
2438 4472 2907 4534 instrumen-

204 4572 302 4633 tis
347 4570 678 4633 cibariis
723 4570 1202 4649 praesertim
1249 4569 1813 4649 depromendis
1872 4564 2287 4628 fulcienda
2333 4561 2519 4635 esse‚’
2522 4561 2908 4640 'praestan-

209 4660 436 4723 tissime
477 4662 598 4723 iam
641 4657 884 4723 monuit
929 4658 1310 4719 Latreille
1335 4659 1520 4739 (Gen.
1547 4660 1747 4719 Crust.
1772 4666 1833 4719 et
1862 4658 1978 4718 Ins.
2002 4657 2045 4717 1.
2071 4676 2129 4733 p.
2153 4651 2335 4730 289).
2382 4650 2605 4731 Palpcs
2629 4648 2915 4711 Galliceri

217 4758 276 4813 et
293 4750 714 4817 Paederorum
735 4746 1296 4833 quadriarticulatcs
1341 4768 1482 4817 sese
1527 4748 1755 4812 vidisse
1779 4728 1959 4809 Dom.
1986 4742 2436 4809 Graveuhorst'
2422 4762 2483 4805 ιιι
2504 4742 2705 4809 Μοιι.
2730 4739 2917 4805 affert.
