3409 5250
535 291 622 358 22
659 245 670 258 ⁴
1758 284 2093 360 staphylini.

539 457 790 528 llelfero
867 459 1055 522 literis
1125 457 1300 520 nobis
1381 457 1654 520 relatum.
1806 455 2159 520 Palaestrini
2226 457 2387 518 forte
2458 473 2653 535 genus
2716 455 2919 518 Indiae
2982 455 3265 518 orientali

543 568 880 630 proprium.

717 636 1080 698 Africani
1137 634 1472 716 Staphylini
1525 655 1655 696 non
1714 634 1903 714 magis
1950 653 2129 716 quam
2186 633 2391 695 Indiae
2438 631 2749 696 orientalis
2796 632 3035 713 speeies
3082 633 3268 694 inno-

541 733 801 796 tuerunt,
860 725 1084 788 Mada
1106 745 1230 805 gas
1247 725 1652 786 caricnses
1697 723 1907 804 plures
1951 722 2099 804 legit
2128 723 2394 799 Goudot,
2444 743 2481 784 e
2528 723 2743 806 quibus
2788 722 2889 784 alii
2921 721 3266 802 Europaeis

543 814 820 878 simillimi
867 823 928 876 et
971 815 1232 894 proximi
1280 814 1610 892 (Taohiuus
1655 813 1871 892 pictuS,
1920 813 2229 874 Paederus
2276 811 2929 893 Madagascariensis),
2988 811 3087 872 alii
3132 831 3264 872 ma·-

545 906 632 982 gis
691 905 1186 984 Staphylinorum
1251 903 1568 964 Americae
1636 901 2041 964 meridionalis
2106 903 2367 964 habitum
2437 921 2585 982 prae
2650 921 2720 964 se
2779 904 2981 963 ferunt
3044 899 3269 978 (Steni,

545 993 975 1072 HolotrochuS,
1021 993 1316 1072 Lispinus‚
1363 993 1713 1068 lsomalus).
1820 991 2155 1072 Staphylini
2190 988 2497 1073 Capeus
2514 1011 2597 1053 es
2642 991 2821 1071 pauci
2866 991 3061 1052 adhuc
3104 989 3269 1066 lecti,

543 1084 817 1148 nonnulli
877 1083 952 1144 ab
995 1083 1333 1162 Europaeis
1380 1081 1538 1143 haud
1585 1081 1849 1143 distincti
1897 1081 1983 1156 (v.
2029 1081 2131 1158 e.),
2190 1081 2287 1142 alii
2332 1070 2655 1161 speciebus
2700 1079 3017 1160 Aegyptiis
3064 1087 3127 1140 et
3168 1079 3271 1140 ln-

545 1173 692 1234 dicis
740 1171 1138 1254 approximati
1184 1171 1670 1251 (Myrmedonia,
1736 1170 2138 1249 Pinophilus).
2228 1170 2489 1233 Africa
2536 1161 3161 1252 aequinoctialis
3206 1167 3273 1228 in

545 1261 1036 1342 Staphylinorum
1081 1261 1300 1322 familia
1347 1261 1622 1323 eximiam
1667 1280 1840 1322 suam·
1886 1262 2125 1325 faunam
2168 1260 2433 1324 nondam
2494 1260 2751 1339 aperuit;
2816 1277 2969 1340 quas
3024 1276 3271 1337 cogno-

545 1353 738 1416 vimus
777 1353 1016 1431 species
1049 1371 1278 1430 paucae
1323 1352 1400 1411 ad
1420 1353 1765 1432 Aegyptum
1812 1369 2005 1432 usque
2051 1349 2205 1412 fines
2250 1367 2403 1411 suos
2452 1348 2801 1412 extendunt.
2862 1345 3085 1426 Aegy
3104 1345 3271 1427 ptine

547 1443 740 1518 fauna,
785 1451 852 1501 ut
893 1441 953 1501 in
1002 1439 1250 1520 reliquis
1295 1439 1560 1516 insectiS,
1625 1439 1803 1501 valde
1852 1459 1989 1501 cum
2034 1438 2359 1518 Europaea
2404 1437 2706 1513 convenit,
2752 1435 3083 1516 speciebus
3130 1435 3274 1516 plu-

547 1531 708 1592 rimis
768 1531 1016 1592 omuino
1063 1528 1310 1606 iisdem,
1375 1529 1654 1591 immixtis
1699 1537 1903 1590 autem
1961 1527 2163 1589 multis
2207 1528 2423 1590 formis
2480 1529 2699 1608 partim
2754 1525 2999 1588 Africae
3058 1525 3275 1607 aequi-

547 1618 808 1695 noctiali,
854 1619 1068 1700 partim
1111 1619 1314 1680 Indiae
1363 1618 1640 1682 orientali
1684 1618 1971 1698 propriis,

723 1709 1130 1770 Americae
1191 1708 1858 1788 septentrionalis
1918 1705 2251 1786 staphylini
2308 1705 2650 1786 Europaeis
2696 1703 2947 1768 omnino
2994 1702 3275 1766 simillimi

549 1804 688 1860 sunt
733 1805 794 1862 et
838 1817 1024 1878 saepe
1071 1797 1318 1860 omniuo
1366 1797 1564 1859 iidem.
1655 1797 1901 1859 Genera
1944 1794 2237 1858 nonnulla
2278 1795 2369 1856 his
2414 1795 2711 1858 ambobus
2758 1793 2925 1856 orbis
2970 1800 3276 1854 terrarum

547 1887 814 1975 partibus
859 1887 1108 1967 propria
1153 1887 1447 1964 videntur,
1493 1893 1561 1948 ut
1603 1887 1907 1979 Oxypofi·
1932 1885 1993 1946 in
2038 1885 2323 1946 America
2366 1883 2835 1966 septentrionali,
2885 1881 3276 1961 Anthophagi

545 1977 609 2054 in
669 1977 918 2056 Europa
973 1977 1420 2058 frequentiores
1480 1985 1833 2038 occurrunt.
1922 1974 2049 2036 Am
2068 1974 2283 2034 crica
2326 1972 2877 2036 meridionalis
2922 1970 3115 2050 magis
3164 1991 3277 2049 pe-

550 2066 834 2128 culiarem
881 2066 1290 2128 characterem
1337 2084 1484 2145 prae
1534 2085 1602 2134 se
1649 2067 1795 2142 fert,
1851 2063 2173 2144 putredine
2220 2071 2421 2124 autem
2466 2063 2527 2124 in
2572 2059 2782 2125 calidis
2830 2061 2961 2122 eius
3008 2059 3281 2140 regioni-

549 2155 660 2219 bus
705 2164 1023 2234 tantopere
1069 2155 1428 2232 accelerata,
1493 2154 1955 2218 observantibus
2000 2153 2369 2220 hacordaire
2418 2163 2479 2214 et
2524 2153 2723 2231 Perty,
2787 2149 3097 2212 individua
3162 2149 3279 2210 ibi-

551 2247 689 2306 dem
747 2245 994 2307 rariora.
1108 2245 1462 2324 Speciermn
1519 2253 1721 2308 autem
1774 2261 2095 2318 numerus,
2156 2251 2250 2304 tot
2294 2241 2640 2322 specierum
2686 2241 3049 2306 minutarum
3097 2239 3281 2317 copia

550 2355 587 2396 a
645 2335 871 2400 Beskio
925 2335 986 2395 iu
1029 2333 1310 2410 Brasilia,
1371 2354 1408 2395 a
1463 2334 1759 2396 Moritzio
1806 2333 1865 2396 in
1913 2331 2233 2403 Columbia
2278 2339 2339 2392 et
2384 2331 2446 2392 in
2493 2331 2771 2410 pluribus
2828 2327 3043 2390 insulis
3097 2328 3281 2406 lecta,

553 2443 930 2505 nequaquam
975 2421 1314 2484 imminutus
1351 2423 1606 2498 videtur,
1655 2421 1926 2504 quamvis
1972 2418 2084 2481 ha'c
2130 2419 2522 2482 contentione
2570 2419 2941 2482 Laccrdaire
2986 2426 3049 2479 et
3092 2417 3281 2496 Perty

555 2513 954 2584 consentiunt.
1047 2511 1350 2590 Tropicae
1409 2510 1729 2572 Americae
1788 2531 1928 2572 oum
1984 2509 2540 2588 Madagascariensi
2602 2518 2664 2571 et
2706 2508 2911 2571 Indiae
2958 2507 3277 2572 orientalis

555 2602 761 2674 insulis
789 2620 1143 2668 communes
1189 2609 1332 2663 sunt
1375 2600 1721 2680 Leptoohiri
1766 2608 1830 2663 et
1852 2599 2079 2676 OsoriL
2124 2598 2471 2679 peculiares
2510 2599 2795 2661 videntur
2821 2597 3023 2662 Piesti.
3088 2595 3279 2659 Ame-

557 2693 720 2753 ricae
781 2694 947 2755 omni
1007 2691 1256 2770 propria
1297 2690 1582 2751 videntur
1629 2690 1925 2771 quaedam
1970 2706 2226 2769 genera,
2288 2708 2443 2770 quae
2490 2698 2558 2751 et
2594 2690 2657 2751 in
2699 2687 2983 2750 America
3029 2696 3281 2766 septen-

555 2782 794 2843 trionali
839 2789 900 2842 et
955 2778 1334 2851 meridionali
1398 2786 1755 2856 occurrunt,
1822 2798 1875 2845 e.
1922 2798 1981 2857 g.
2028 2778 2401 2853 PalaminnS,
2442 2778 2819 2857 ,Megalopffi
2878 2794 3035 2857 quae
3081 2786 3288 2838 autem

556 2870 1021 2933 succedentibus
1078 2868 1454 2949 temporibus
1511 2868 1576 2929 in
1633 2868 1841 2929 Africa
1900 2869 2075 2930 etiam
2136 2878 2199 2929 et
2254 2868 2315 2928 in
2358 2869 2525 2938 India
2574 2867 2849 2930 orientali
2895 2867 3052 2929 forte
3102 2885 3288 2944 repe-

555 2963 804 3022 rientur.
869 2962 937 3021 In
975 2960 1294 3020 Am-ericae
1339 2956 1750 3020 meridionalis
1774 2962 1859 3030 (s,
1904 2958 2107 3019 Indiae
2128 2958 2555 3031 occidentalis)
2590 2955 2799 3018 insulis
2846 2962 2909 3016 et
2952 2955 3289 3034 praecipue

559 3053 618 3113 in
679 3049 932 3122 Mexico
991 3050 1308 3110 Americae
1365 3046 1779 3108 meridionalis
1838 3054 1899 3107 et
1957 3046 2451 3127 septentrionalis
2510 3048 2727 3109 faunae
2788 3044 3165 3106 conveniunt
3210 3062 3291 3105 eo

559 3140 778 3216 mode,
835 3146 903 3201 ut
945 3138 1218 3219 plurimis
1263 3136 1590 3217 speciebus
1637 3135 2041 3215 peculiaribus
2062 3136 2237 3219 *aliae
2284 3136 2581 3199 immixtae
2626 3138 2744 3197 sint
2786 3134 2860 3196 Α.
2920 3134 3295 3213 septentrio·
3403 3194 3404 3197 ,

559 3229 678 3294 nali
740 3228 823 3305 (e.
883 3248 939 3308 g.
998 3227 1387 3308 Staphylinus
1445 3226 1767 3305 villosus),
1830 3226 1981 3288 aliae
2040 3226 2363 3289 Americae
2422 3222 2799 3290 meridionali
2844 3224 2929 3301 (e.
2976 3242 3033 3303 g.
3082 3224 3295 3303 Staph.

559 3318 936 3393 versicolor)
982 3318 1286 3397 propriae.
2022 3362 2025 3367 .
3216 3308 3219 3311 ’

505 3400 516 3423 '
737 3408 1002 3469 Novae
1067 3406 1542 3469 llollandiae
1589 3412 1664 3466 -et
1728 3404 1995 3486 reliquae
2056 3404 2522 3465 Australiae
2567 3401 3064 3483 staphylinomm
3110 3401 3301 3463 fauna

561 3498 757 3561 adhuc
801 3516 1015 3577 parum
1061 3496 1318 3575 cognita,
1377 3496 1454 3556 ad
1503 3506 1791 3576 quantum
1840 3514 1973 3560 eam
2016 3492 2316 3569 novimus,
2374 3492 2521 3557 licet
2568 3492 2893 3573 speciebus
2940 3495 3033 3557 sat
3080 3490 3300 3553 distin-

541 3587 694 3665 ·ctiS,
737 3588 984 3659 formas
1018 3585 1092 3646 ab
1137 3585 1432 3664 indigenis
1480 3584 1829 3645 differentes
1875 3602 2001 3647 non
2048 3582 2302 3663 profert.

1563 3726 1672 3787 De
1724 3725 2283 3806 dispositione.

743 3853 964 3913 Totam
1007 3836 1500 3930 staphylinomm
1545 3858 1819 3912 nostram
1864 3850 2143 3919 familiam
2186 3868 2381 3929 genus
2426 3848 2913 3917 hinneanum
2956 3846 3309 3925 Staphy-

566 3943 778 4004 linus
834 3940 1239 4021 amplectitur,
1305 3941 1390 4021 in·
1425 3942 1638 4002 Fauna
1684 3940 1945 4004 Suecica
1988 3940 2109 4015 21,
2174 3939 2237 3999 in
2280 3939 2623 4017 systemate
2666 3934 2939 3997 Naturae
2984 3934 3129 4011 (Ed.
3177 3936 3310 4014 X.)

567 4030 656 4093 26
713 4030 952 4110 species
1009 4030 1359 4107 continenS,
1406 4051 1440 4091 e
1487 4030 1704 4112 quibus
1753 4030 1857 4091 St.
1906 4028 2391 4109 sanguineus
2436 4025 2515 4090 ad
2559 4023 2929 4103 Pselaphos,
2974 4024 3079 4086 St.
3128 4044 3357 4087 can-.

571 4120 742 4181 thar
761 4119 960 4183 ellus
1007 4105 1084 4180 ad
1105 4118 1386 4181 Malthini
1419 4138 1612 4200 genus
1657 4118 2031 4199 pertinentes
2080 4114 2495 4178 excludendae
2520 4120 2676 4185 sunt.
2742 4113 3133 4177 sectionibus
3156 4113 3317 4176 Lin-

571 4228 760 4272 naeus
807 4208 1150 4289 specierum
1187 4229 1506 4272 numerum
1551 4218 1674 4271 tam
1718 4209 2001 4286 exig-uum
2032 4206 2219 4267 nullis
2242 4203 2526 4279 distinxit,
2548 4210 2877 4285 sequentes
2912 4210 3119 4267 autem
3146 4223 3319 4270 non-

571 4300 720 4361 nulli
765 4306 1048 4361 auctores
1095 4306 1197 4363 aut
1242 4300 1436 4379 capite
1481 4296 1715 4360 thoraci
1759 4294 1995 4377 aequali
2040 4296 2339 4357 eodemve
2386 4292 2732 4372 angustiore
2792 4292 3061 4372 (Paykul
3126 4293 3317 4359 Mon.
3403 4320 3404 4325 ¹

573 4389 830 4469 Staph.)‚
877 4398 980 4450 aut
1021 4389 1287 4451 thoracis
1333 4389 1396 4450 in
1442 4388 1571 4449 aliis
1618 4384 1924 4466 paralleli,
1984 4386 2047 4444 in
2090 4384 2222 4445 aliis
2270 4384 2530 4463 apicem,
2575 4382 2635 4442 in
2680 4380 2810 4444 aliis
2859 4381 3033 4443 basin
3080 4401 3320 4445 versus

575 4478 881 4558 angustati,
927 4478 988 4538 in
1030 4478 1160 4539 aliis
1209 4478 1520 4556 cylindrici
1570 4476 1767 4539 for-ma
1812 4473 2112 4551 (Miiller),
2160 4472 2493 4536 divisiones
2535 4470 2939 4537 instituerunt.
3030 4471 3199 4533 Fab
3218 4475 3321 4534 ri·

577 4569 748 4629 cius
816 4568 1110 4647 primus
1177 4586 1404 4647 genera
1457 4566 1648 4627 altera
1703 4564 1830 4625 duo
1894 4562 2152 4638 addidit,
2210 4565 2669 4641 Oxyporum
2727 4567 2788 4620 et
2845 4560 3321 4637 Paederum,

579 4658 743 4722 illum
789 4656 986 4737 palpis
1033 4656 1480 4736 posterioribus
1526 4650 2056 4727 securiformibus,
2120 4653 2279 4713 hunc
2337 4650 2529 4730 palpis
2588 4648 2995 4711 anterioribus
3056 4650 3322 4715 clavatis

576 4768 612 4819 a
657 4745 1141 4839 Staphylino
1189 4745 1384 4835 palpis
1433 4743 1713 4815 omnibus
1756 4740 2139 4813 filiformibus
2186 4740 2546 4812 dis-'notum
2636 4739 2925 4807 Ceterum
2968 4740 3322 4829 Staphy„
