3409 5250
540 281 672 369 16,
1169 365 1180 375 ς
1371 273 1386 286 ‘
1598 316 1609 325 ,
1742 273 2075 350 staphylini.

535 469 675 524 nea,
719 448 1144 528 prothoracico
1193 449 1437 523 maiore,
1490 446 1654 508 ‘intua
1697 445 1896 508 antiae
1945 453 2156 508 sterno
2202 443 2551 524 ti'iaugulari
2602 443 2975 526 somnisque
3024 442 3271 506 duobus

539 537 950 602 adiacentibus
993 538 1306 613 instructo,-
1351 553 1566 599 meso-
1609 547 1675 598 et
1720 537 2189 601 metathoracico
2238 536 2478 596 fortiter
2520 533 2907 598 transversis.

716 628 764 689 P
785 627 872 687 ed
891 645 972 686 es
1029 627 1276 701 breves,
1344 626 1420 688 ad
1479 625 1672 686 latera
1748 635 2202 706 seg-mentorum
2262 624 2709 686 thoracicorum
2772 622 3010 696 inserti,
3096 623 3275 684 coxis

541 716 922 798 cylindriciS,
983 715 1230 796 oblique
1275 715 1608 778 introrsum
1655 716 1932 790 directis,
1998 713 2482 776 trocliantcribus
2543 699 2949 788 brevionbus,
3020 712 3273 773 femori-

542 808 658 868 bus
719 803 1040 881 teretiboe,
1091 797 1332 866 ’inferne
1389 804 1756 884 spinulosiS,
1816 805 1973 866 tibiis
2009 804 2345 874 teretibu8‚
2402 801 2677 884 undique
2732 801 3091 882 εριιιιιιῡ5ἰ5,
3146 809 3277 861 tar-

541 898 626 958 sis
683 894 952 970 minutis,
1007 894 1264 958 articulo
1327 893 1604 973 simplice
1653 904 1714 956 et
1758 913 1961 974 ungue
2003 894 2221 955 leviter
2280 892 2537 968 falcato,
2600 892 2969 966 acuminato,
3028 891 3277 970 singulo

541 981 920 1064 compositis·

715 1075 812 1134 Se
828 1079 1136 1151 gmenta
1178 1072 1322 1133 abd
1343 1072 1714 1134 ominalia
1756 1072 1817 1146 9,
1862 1071 2170 1135 latitudine
2218 1070 2648 1146 decreseeiu'a,
2694 1067 3039 1148 penultimis
3080 1067 3275 1171 paulo

539 1161 948 1242 longioribus,
1007 1181 1194 1241 supra
1239 1169 1322 1223 et
1343 1162 1498 1223 infra
1543 1163 1704 1224 areis
1760 1161 1915 1224 binis
1976 1161 2273 1224 coriaceis
2334 1161 2655 1236 instrum,
2712 1167 3027 1238 segmenta
3078 1159 3281 1238 prium

539 1273 730 1332 supra
771 1262 948 1314 scuto
998 1269 1232 1313 corneo
1281 1251 1560 1328 obtecto,
1607 1251 1819 1316 ultimo
1864 1257 1999 1312 toto
2046 1251 2363 1327 coi-iaceo,
2424 1209 2795 1330 cylindi’ico,
2835 1249 3013 1328 apice
3058 1247 3279 1340 caudis

543 1342 778 1406 duabus
823 1340 1150 1403 articulatis
1193 1341 1512 1402 instructo·

722 1431 1038 1492 Caudae
1085 1429 1358 1492 anales
1405 1427 1792 1504 biarticulati‚
1850 1426 2107 1490 artimlo
2153 1427 2351 1507 primo
2394 1385 2789 1506 longissimo,
2844 1424 3122 1490 secundo
3180 1433 3281 1485 te-

545 1539 780 1596 umore,
827 1519 1000 1598 apice
1045 1527 1178 1581 seta
1220 1519 1406 1596 longa
1450 1519 1644 1599 rigida
1685 1518 2025 1580 terminato.

721 1610 932 1670 Anus
977 1609 1214 1671 fortiter
1259 1609 1628 1687 prominens,
1677 1607 2017 1680 tubulosus,
2062 1606 2469 1668 descendens.

721 1700 1110 1777 Stigmata
1144 1697 1242 1774 18,
1289 1699 1387 1758 vel
1433 1699 1476 1760 9
1523 1697 1706 1777 paria,
1750 1698 1880 1776 pari
1927 1696 2121 1776 primo
2170 1697 2615 1774 protboracico,
2676 1695 2929 1778 reliquis
2973 1695 3179 1774 pari
3148 1692 3279 1754 sin⁴

545 1790 694 1870 gulo
740 1787 802 1849 in
842 1786 1182 1848 abdominis
1231 1787 1558 1868 segmentis
1617 1788 1640 1847 l
1673 1785 1827 1848 -8
1872 1785 2121 1864 singulis
2164 1785 2276 1847 siti.

533 1879 540 1884 ’
723 1877 1109 1956 Stigmata
1153 1877 1672 1955 protboracis
1716 1874 1961 1952 maiora,
2010 1873 2163 1956 intra
2206 1873 2267 1935 in
2308 1872 2659 1936 membrana
2702 1871 3061 1934 interstitiali
3116 1869 3281 1932 inter

547 1988 692 2049 pro·
743 1975 805 2028 et
849 1966 1334 2028 mesothoracem
1380 1966 1594 2046 posita.
1663 1965 2065 2028 Mesotborax
2110 1971 2173 2025 et
2212 1963 2589 2025 metatborax
2628 1961 2997 2042 stigmatibus
3044 1971 3278 2023 carent.
3386 2017 3405 2042 ,

725 2057 1100 2137 Stigmata
1159 2053 1690 2121 abdomiualia
1746 2055 1809 2116 in
1872 2053 2168 2133 segmenti
2228 2053 2519 2136 cuiusque
2580 2052 2733 2114 facie
2793 2051 3149 2130 superiore,
3213 2050 3281 2114 in

439 2141 450 2151 ’
547 2167 726 2209 areae
773 2147 1088 2208 coriaceae
1133 2145 1394 2207 dorsalis
1441 2145 1709 2226 margine
1752 2143 1999 2220 laterali,
2032 2141 2215 2224 paulo
2258 2150 2401 2205 aute
2442 2141 2708 2205 medium
2751 2141 2991 2222 postim,
3032 2140 3283 2214 minuta,

551 2237 790 2300 orificio·
835 2236 1096 2298 elevato.
2276 2269 2283 2288 .

723 2327 1050 2393 Seoementa
1071 2325 1378 2398 thoracica
1405 2331 1547 2386 ante·
1589 2343 1769 2406 quam
1814 2322 2143 2403 penultima
2186 2320 2448 2384 cuticula
2480 2318 2825 2400 deponitur,
2870 2320 3279 2394 membranea,

546 2412 886 2479 abdominis
943 2415 1270 2493 segmentis
1333 2414 1633 2496 aequalia,
1703 2411 1953 2474 testibus
2012 2413 2065 2472 F
2068 2411 2226 2473 risch
2286 2411 2432 2488 (lnS.
2496 2410 2705 2472 Germ.
2762 2409 2839 2472 V.
2900 2422 2961 2491 μ’
3014 2410 3153 2526 49.)
3214 2416 3277 2470 et

545 2503 714 2566 Heer
760 2504 940 2579 (Obs.
991 2512 1108 2564 ent.
1155 2523 1214 2582 p.
1261 2501 1400 2582 20).

726 2593 1214 2673 Staphylinorum
1261 2592 1468 2654 larvae
1513 2593 1668 2653 inter
1714 2609 1785 2655 se
1828 2590 1975 2653 satis
2022 2589 2352 2653 convenire
2410 2567 2471 2651 et
2512 2588 2755 2651 nonnisi
2810 2587 2971 2651 notis
3027 2585 3279 2648 leviori-

549 2680 665 2744 bus
727 2682 1044 2745 discedere
1103 2682 1414 2755 videntum
1471 2681 1546 2743 ab
1593 2681 1849 2743 aliorum
1894 2680 2407 2760 Coleopterorum
2452 2678 2637 2740 larvis
2682 2678 2857 2739 facile
2901 2677 3279 2756 distinguen-

547 2772 664 2833 dae
710 2779 868 2834 sunt.
959 2772 1454 2834 Garaborum
1500 2771 1704 2833 larvae
1752 2771 2072 2833 discedunt
2118 2769 2329 2831 ocellis
2374 2767 2571 2843 senis,
2632 2786 2745 2830 ore
2804 2774 3049 2847 aperto,
3106 2786 3281 2827 man-

549 2860 772 2923 dibulis
816 2859 1092 2938 dentatis,
1150 2862 1406 2923 maxillis
1452 2880 1652 2941 prope
1696 2861 1921 2922 labium
1966 2860 2231 2934 insertis,
2282 2858 2443 2919 mala
2484 2856 2870 2931 biartieulata,
2914 2854 3281 2935 pdpiformi,

463 2950 466 2954 ’
547 2950 730 3013 tarsis
795 2951 1344 3031 bi-unguiculatiS,
1423 2950 1761 3011 abdominis
1846 2959 2163 3029 segmento
2232 2948 2447 3010 ultimo
2512 2947 2797 3029 utrinque
2878 2944 3276 3020 corniculato,

551 3040 758 3103 caudis
805 3036 1078 3103 analilius
1121 3040 1336 3117 nullis,
1377 3040 1751 3120 stigmatibus
1798 3037 2277 3100 abdominalibns
2322 3035 2703 3111 lateralibus,
2758 3034 2916 3097 inter
2960 3043 3282 3114 segmenta

551 3130 819 3191 dorsalia
860 3135 922 3192 et
965 3130 1256 3192 ventralia
1299 3130 1444 3193 sitis.
1509 3129 1943 3209 Dytiscoru
1963 3148 2021 3189 ιιι
2046 3126 2267 3188 larvae
2316 3126 2601 3205 corporis
2644 3124 2859 3200 habitu,
2883 3142 2999 3188 ore
3044 3122 3283 3203 clause,

548 3218 910 3297 mandibulis
955 3219 1323 3299 simplicibus
1367 3219 1709 3299 perforatis,
1754 3217 2011 3279 maxillis
2032 3215 2405 3290 distantibus
2451 3214 2609 3277 mala
2650 3214 2909 3293 simplici
2951 3214 3282 3292 instructis,

549 3309 866 3391 palpisque
913 3304 1332 3389 gracilioribus
1379 3306 1594 3370 eximie
1641 3326 1781 3369 cum
1826 3306 2315 3387 Staphylinorum
2360 3304 2543 3365 larvis
2588 3308 2949 3383 congruunt,
2994 3302 3285 3366 differunt

551 3408 750 3461 autem
797 3399 1008 3461 ocellis
1052 3398 1238 3474 senis,
1283 3398 1656 3461 maxillarum
1701 3396 1857 3458 mala
1898 3396 2235 3470 unciformi,
2280 3393 2468 3473 ligula
2510 3393 2645 3470 lata,
2690 3399 3053 3467 transversa,
3092 3392 3281 3455 tarsis

551 3488 649 3549 bi·
667 3488 1096 3567 unguiculatis,
1156 3496 1274 3549 a'no
1321 3487 1482 3548 haud
1529 3494 1778 3549 exserto
1796 3534 1813 3562 ,
1874 3486 2083 3547 caudis
2128 3482 2401 3545 analibus
2462 3482 2789 3562 elongatis,
2848 3480 3281 3556 emaculatis,

549 3576 802 3639 tubulos
845 3577 1274 3657 respiratorios
1319 3574 1736 3651 referentibus,
1782 3574 2173 3655 stigmatibus
2218 3571 2363 3635 licet
2406 3570 3061 3651 conspicuis201ausis

729 3666 930 3746 Magis
989 3667 1371 3749 propinquae
1429 3674 1570 3728 sunt
1631 3665 2099 3744 Silpharum‘
2138 3672 2200 3724 et
2262 3662 2762 3725 Histerorum
2818 3660 3041 3723 larvae.
3130 3660 3285 3722 illae

553 3754 824 3834 (Silphae
869 3756 1178 3818 cuiusdam
1227 3764 1288 3818 et
1319 3756 1569 3835 Catopis
1615 3755 1775 3817 fusci
1816 3754 2003 3815 larvis
2050 3752 2441 3831 comparatis)
2462 3750 2747 3813 differunt
2788 3752 2985 3830 capite
3018 3750 3285 3825 minore,

551 3844 814 3923 deflexo,
853 3864 964 3907 ore
1011 3854 1240 3925 aperto,
1273 3846 1446 3907 labro
1497 3854 1770 3919 exserto,
1794 3843 2151 3905 mandibulis
2196 3842 2353 3903 haud
2400 3840 2779 3921 prominulis,
2813 3840 3073 3903 maxillis
3118 3839 3287 3901 mala

549 3935 843 3997 interiore
891 3944 984 3997 sat
1038 3937 1196 4011 forti,
1259 3934 1496 3997 interne
1555 3933 1917 3995 denticulata
1971 3940 2075 3995 aut
2130 3930 2385 4012 spinulis
2444 3940 2699 4004 armata,
2758 3930 3067 3992 exteriore
3119 3948 3285 3991 non-—

553 4044 858 4106 nunquam
905 4023 1342 4127 distinguenda,
1385 4025 1528 4087 licet
1571 4044 1759 4103 parva
1804 4030 1866 4084 et
1912 4022 2203 4099 obsoleta,
2260 4019 2422 4082 labio
2466 4018 2611 4095 late,
2656 4020 3045 4099 eman-giusta,
3088 4018 3283 4097 ligula

552 4113 732 4192 nulla,
777 4113 974 4194 pulpis
1023 4116 1218 4177 minus
1265 4113 1580 4193 elongatiS,
1627 4112 2031 4174 maxillarlbns
2064 4112 2167 4185 -3,
2226 4108 2535 4171 labialibus
2580 4108 2637 4169 2
2628 4108 2997 4187 -articulatis,
3058 4108 3283 4170 ocellis

552 4204 835 4287 utrinque
897 4220 1038 4281 sex,
1099 4207 1141 4267 4
1199 4204 1630 4284 approximatis
1685 4202 1971 4265 lateribus
2028 4218 2215 4281 supra
2257 4208 2653 4261 antennamm
2696 4196 2873 4260 basin
2916 4204 2985 4260 ut
3026 4197 3091 4259 in
3134 4198 3281 4259 Sta-

551 4294 840 4373 phylinis‚
914 4294 1156 4356 duobus
1233 4293 1308 4354 ab
1373 4293 1465 4355 his
1529 4292 1779 4354 remotis
1837 4292 1899 4353 in
1958 4289 2129 4371 genis
2188 4290 2343 4350 infra
2396 4295 2691 4350 antennas
2760 4306 2983 4351 versus
3042 4286 3283 4349 mandi-
3292 4341 3304 4351 .

553 4382 828 4445 bularum
888 4382 1058 4445 basin
1118 4382 1288 4457 sitis,
1349 4380 1723 4461 stigmatibus
1768 4380 1831 4441 in
1876 4381 2165 4442 inferiore
2212 4377 2499 4459 corporis
2542 4378 2699 4439 facie
2746 4375 2947 4439 obviis
2996 4408 3079 4425 -
3124 4376 3285 4439 baec

555 4472 922 4549 (secundum
968 4472 1120 4535 Hist.
1164 4472 1446 4533 merdarii
1489 4471 1737 4549 larvam,
1782 4469 1953 4531 cuius
2000 4468 2309 4548 specimen
2351 4488 2388 4529 a
2418 4466 2533 4529 cel.
2552 4466 2821 4529 Miillero
2868 4466 2983 4527 sibi
3024 4466 3287 4529 missum

550 4563 732 4623 Dom.
777 4562 1086 4642 Schiippel
1131 4580 1367 4624 mecum
1413 4560 1893 4663 communicavit,
1948 4576 1985 4621 a
2028 4556 2329 4637 Paykullo
2372 4556 2549 4620 Mona
2566 4555 2719 4618 Hist.
2764 4562 2807 4616 t.
2848 4556 2896 4617 1.
2941 4558 2981 4617 f.
3038 4555 3088 4617 Ι
3132 4574 3285 4633 per-

552 4670 760 4732 peram
809 4649 1194 4730 delineatam)
1220 4650 1410 4715 multo
1457 4648 1648 4729 magis
1693 4650 1927 4725 affineS,
1972 4647 2299 4727 praecipue
2348 4648 2545 4727 capite
2590 4650 2898 4724 pon-ecto,
2944 4644 3117 4706 labro
3166 4664 3285 4705 oc-

551 4740 750 4820 culto,
793 4738 992 4821 palpis
1039 4740 1362 4820 elongatis,
1407 4738 1757 4819 gracilibus,
1816 4737 2173 4801 mantibulis
2218 4744 2437 4800 autem
2464 4733 2748 4812 dentatis,
2806 4734 3065 4796 maxillis
3125 4733 3286 4799 mala
