<?xml version="1.0" encoding="UTF-8"?>
<!DOCTYPE html PUBLIC "-//W3C//DTD XHTML 1.0 Transitional//EN"
    "http://www.w3.org/TR/xhtml1/DTD/xhtml1-transitional.dtd">
<html xmlns="http://www.w3.org/1999/xhtml" xml:lang="en" lang="en">
 <head>
  <title>
</title>
<meta http-equiv="Content-Type" content="text/html;charset=utf-8" />
  <meta name='ocr-system' content='tesseract 3.04.00' />
  <meta name='ocr-capabilities' content='ocr_page ocr_carea ocr_par ocr_line ocrx_word'/>
</head>
<body>
  <div class='ocr_page' id='page_1' title='image "./generaetspecies00ericgoog/generaetspecies00ericgoog_0606.png"; bbox 0 0 3409 5250; ppageno 0'>
   <div class='ocr_carea' id='block_1_1' title="bbox 1288 214 1320 236">
    <p class='ocr_par' dir='ltr' id='par_1_1' title="bbox 1288 214 1320 236">
     <span class='ocr_line' id='line_1_1' title="bbox 1288 214 1320 236; baseline 0 0"><span class='ocrx_word' id='word_1_1' title='bbox 1288 214 1320 236; x_wconf 52' lang='lat' dir='ltr'>S</span> 
     </span>
    </p>
   </div>
   <div class='ocr_carea' id='block_1_2' title="bbox 550 256 2064 328">
    <p class='ocr_par' dir='ltr' id='par_1_2' title="bbox 550 256 2064 328">
     <span class='ocr_line' id='line_1_2' title="bbox 550 256 2064 328; baseline 0.003 -18"><span class='ocrx_word' id='word_1_2' title='bbox 550 261 689 328; x_wconf 74' lang='lat'><strong>590</strong></span> <span class='ocrx_word' id='word_1_3' title='bbox 1751 256 2064 316; x_wconf 60' lang='lat' dir='ltr'><strong>Pacem-ini.</strong></span> 
     </span>
    </p>
   </div>
   <div class='ocr_carea' id='block_1_3' title="bbox 522 415 3280 1491">
    <p class='ocr_par' dir='ltr' id='par_1_3' title="bbox 522 415 3280 1491">
     <span class='ocr_line' id='line_1_3' title="bbox 522 415 3273 514; baseline -0.003 -20"><span class='ocrx_word' id='word_1_4' title='bbox 522 437 757 514; x_wconf 77' lang='lat' dir='ltr'><strong>&#39;oeque</strong></span> <span class='ocrx_word' id='word_1_5' title='bbox 812 415 1160 506; x_wconf 47' lang='lat' dir='ltr'><strong>brenonis,</strong></span> <span class='ocrx_word' id='word_1_6' title='bbox 1222 427 1701 510; x_wconf 78' lang='lat' dir='ltr'><strong>crassiuseulae,</strong></span> <span class='ocrx_word' id='word_1_7' title='bbox 1775 431 2034 494; x_wconf 85' lang='lat' dir='ltr'><strong>articulo</strong></span> <span class='ocrx_word' id='word_1_8' title='bbox 2095 428 2372 492; x_wconf 80' lang='lat' dir='ltr'><strong>secundo</strong></span> <span class='ocrx_word' id='word_1_9' title='bbox 2428 429 2732 508; x_wconf 78' lang='lat' dir='ltr'><strong>tertioque</strong></span> <span class='ocrx_word' id='word_1_10' title='bbox 2793 417 3273 508; x_wconf 74' lang='lat' dir='ltr'><strong>subaequalibns,</strong></span> 
     </span>
     <span class='ocr_line' id='line_1_4' title="bbox 556 515 3273 601; baseline -0.003 -18"><span class='ocrx_word' id='word_1_11' title='bbox 556 521 704 583; x_wconf 75' lang='lat'><strong>4-.-</strong></span> <span class='ocrx_word' id='word_1_12' title='bbox 740 519 819 581; x_wconf 84' lang='lat'><strong>10</strong></span> <span class='ocrx_word' id='word_1_13' title='bbox 879 518 1061 595; x_wconf 89' lang='lat' dir='ltr'><strong>paulo</strong></span> <span class='ocrx_word' id='word_1_14' title='bbox 1109 517 1473 595; x_wconf 75' lang='lat' dir='ltr'><strong>minoribu8‚</strong></span> <span class='ocrx_word' id='word_1_15' title='bbox 1537 519 1696 580; x_wconf 86' lang='lat' dir='ltr'><strong>inter</strong></span> <span class='ocrx_word' id='word_1_16' title='bbox 1736 539 1812 582; x_wconf 83' lang='lat' dir='ltr'><strong>-se</strong></span> <span class='ocrx_word' id='word_1_17' title='bbox 1859 521 2076 582; x_wconf 87' lang='lat' dir='ltr'><strong>iterum</strong></span> <span class='ocrx_word' id='word_1_18' title='bbox 2138 517 2632 601; x_wconf 78' lang='lat' dir='ltr'><strong>subaequalibus,</strong></span> <span class='ocrx_word' id='word_1_19' title='bbox 2693 515 3034 591; x_wconf 88' lang='lat' dir='ltr'><strong>obconicis,</strong></span> <span class='ocrx_word' id='word_1_20' title='bbox 3095 518 3273 576; x_wconf 81' lang='lat' dir='ltr'><strong>rufae.</strong></span> 
     </span>
     <span class='ocr_line' id='line_1_5' title="bbox 552 605 3277 690; baseline -0.003 -18"><span class='ocrx_word' id='word_1_21' title='bbox 552 609 721 690; x_wconf 82' lang='lat' dir='ltr'><strong>Palpi</strong></span> <span class='ocrx_word' id='word_1_22' title='bbox 770 615 831 670; x_wconf 87' lang='lat' dir='ltr'><strong>et</strong></span> <span class='ocrx_word' id='word_1_23' title='bbox 872 607 1109 670; x_wconf 81' lang='lat' dir='ltr'><strong>labrum</strong></span> <span class='ocrx_word' id='word_1_24' title='bbox 1153 609 1305 672; x_wconf 84' lang='lat' dir='ltr'><strong>rufa.</strong></span> <span class='ocrx_word' id='word_1_25' title='bbox 1374 607 1575 689; x_wconf 87' lang='lat' dir='ltr'><strong>Caput</strong></span> <span class='ocrx_word' id='word_1_26' title='bbox 1618 610 1882 671; x_wconf 83' lang='lat' dir='ltr'><strong>thoracis</strong></span> <span class='ocrx_word' id='word_1_27' title='bbox 1929 629 2125 690; x_wconf 81' lang='lat' dir='ltr'>prope</span> <span class='ocrx_word' id='word_1_28' title='bbox 2171 609 2497 681; x_wconf 81' lang='lat' dir='ltr'><strong>latitudine,</strong></span> <span class='ocrx_word' id='word_1_29' title='bbox 2523 605 3063 690; x_wconf 79' lang='lat' dir='ltr'><strong>suborbiculatnm,</strong></span> <span class='ocrx_word' id='word_1_30' title='bbox 3097 625 3277 684; x_wconf 85' lang='lat' dir='ltr'><strong>supra</strong></span> 
     </span>
     <span class='ocr_line' id='line_1_6' title="bbox 550 694 3275 780; baseline -0.004 -18"><span class='ocrx_word' id='word_1_31' title='bbox 550 699 767 762; x_wconf 78' lang='lat' dir='ltr'><strong>leviter</strong></span> <span class='ocrx_word' id='word_1_32' title='bbox 816 711 1201 773; x_wconf 71' lang='lat' dir='ltr'><strong>,convexum‚</strong></span> <span class='ocrx_word' id='word_1_33' title='bbox 1272 697 1484 760; x_wconf 83' lang='lat' dir='ltr'><strong>crebre</strong></span> <span class='ocrx_word' id='word_1_34' title='bbox 1540 707 1918 778; x_wconf 83' lang='lat' dir='ltr'><strong>punctatum,</strong></span> <span class='ocrx_word' id='word_1_35' title='bbox 1985 699 2222 780; x_wconf 86' lang='lat' dir='ltr'><strong>punctis</strong></span> <span class='ocrx_word' id='word_1_36' title='bbox 2283 698 2343 759; x_wconf 89' lang='lat' dir='ltr'><strong>in</strong></span> <span class='ocrx_word' id='word_1_37' title='bbox 2408 697 2602 758; x_wconf 86' lang='lat' dir='ltr'><strong>media</strong></span> <span class='ocrx_word' id='word_1_38' title='bbox 2661 697 2861 757; x_wconf 82' lang='lat' dir='ltr'><strong>fronte</strong></span> <span class='ocrx_word' id='word_1_39' title='bbox 2926 694 3275 770; x_wconf 79' lang='lat' dir='ltr'>rarioribus,</span> 
     </span>
     <span class='ocr_line' id='line_1_7' title="bbox 551 783 3280 872; baseline -0.002 -22"><span class='ocrx_word' id='word_1_40' title='bbox 551 788 797 871; x_wconf 83' lang='lat' dir='ltr'><strong>parcius</strong></span> <span class='ocrx_word' id='word_1_41' title='bbox 854 787 1480 867; x_wconf 66' lang='lat' dir='ltr'><strong>griseo-pubescens</strong></span> <span class='ocrx_word' id='word_1_42' title='bbox 1585 788 1834 850; x_wconf 84' lang='lat' dir='ltr'>Thorax</span> <span class='ocrx_word' id='word_1_43' title='bbox 1895 788 2268 868; x_wconf 79' lang='lat' dir='ltr'><strong>coleopteris</strong></span> <span class='ocrx_word' id='word_1_44' title='bbox 2327 787 2510 872; x_wconf 86' lang='lat' dir='ltr'><strong>paulo</strong></span> <span class='ocrx_word' id='word_1_45' title='bbox 2569 785 2909 866; x_wconf 86' lang='lat' dir='ltr'><strong>angustior,</strong></span> <span class='ocrx_word' id='word_1_46' title='bbox 2969 783 3280 846; x_wconf 86' lang='lat' dir='ltr'><strong>latitudine</strong></span> 
     </span>
     <span class='ocr_line' id='line_1_8' title="bbox 551 870 3280 958; baseline -0.003 -17"><span class='ocrx_word' id='word_1_47' title='bbox 551 879 727 956; x_wconf 71' lang='lat' dir='ltr'><strong>tertia</strong></span> <span class='ocrx_word' id='word_1_48' title='bbox 771 885 941 956; x_wconf 87' lang='lat' dir='ltr'><strong>parte</strong></span> <span class='ocrx_word' id='word_1_49' title='bbox 988 875 1259 954; x_wconf 81' lang='lat' dir='ltr'><strong>longior,</strong></span> <span class='ocrx_word' id='word_1_50' title='bbox 1316 875 1601 937; x_wconf 87' lang='lat' dir='ltr'><strong>lateribus</strong></span> <span class='ocrx_word' id='word_1_51' title='bbox 1650 879 1858 954; x_wconf 78' lang='lat' dir='ltr'><strong>rectiS‚</strong></span> <span class='ocrx_word' id='word_1_52' title='bbox 1917 876 2253 958; x_wconf 76' lang='lat' dir='ltr'><strong>paralleliS,</strong></span> <span class='ocrx_word' id='word_1_53' title='bbox 2314 873 2547 955; x_wconf 76' lang='lat' dir='ltr'><strong>angulis</strong></span> <span class='ocrx_word' id='word_1_54' title='bbox 2594 870 2876 936; x_wconf 88' lang='lat' dir='ltr'><strong>omnibus</strong></span> <span class='ocrx_word' id='word_1_55' title='bbox 2923 873 3280 948; x_wconf 83' lang='lat' dir='ltr'><strong>rotundatis,</strong></span> 
     </span>
     <span class='ocr_line' id='line_1_9' title="bbox 552 962 3278 1047; baseline -0.004 -16"><span class='ocrx_word' id='word_1_56' title='bbox 552 987 738 1047; x_wconf 85' lang='lat' dir='ltr'><strong>supra</strong></span> <span class='ocrx_word' id='word_1_57' title='bbox 781 965 999 1027; x_wconf 81' lang='lat' dir='ltr'><strong>leviter</strong></span> <span class='ocrx_word' id='word_1_58' title='bbox 1044 985 1375 1042; x_wconf 86' lang='lat' dir='ltr'><strong>convexus,</strong></span> <span class='ocrx_word' id='word_1_59' title='bbox 1423 965 1639 1028; x_wconf 80' lang='lat' dir='ltr'>crebre</span> <span class='ocrx_word' id='word_1_60' title='bbox 1687 975 2023 1046; x_wconf 66' lang='lat' dir='ltr'><strong>punctatim,</strong></span> <span class='ocrx_word' id='word_1_61' title='bbox 2069 968 2225 1029; x_wconf 85' lang='lat' dir='ltr'><strong>linea</strong></span> <span class='ocrx_word' id='word_1_62' title='bbox 2269 964 2682 1046; x_wconf 85' lang='lat' dir='ltr'><strong>longitudinali</strong></span> <span class='ocrx_word' id='word_1_63' title='bbox 2717 962 2890 1037; x_wconf 72' lang='lat' dir='ltr'><strong>laevi,</strong></span> <span class='ocrx_word' id='word_1_64' title='bbox 2913 982 3104 1043; x_wconf 88' lang='lat' dir='ltr'><strong>parce</strong></span> <span class='ocrx_word' id='word_1_65' title='bbox 3142 962 3278 1024; x_wconf 85' lang='lat' dir='ltr'><strong>sub-</strong></span> 
     </span>
     <span class='ocr_line' id='line_1_10' title="bbox 550 1051 3280 1138; baseline -0.003 -19"><span class='ocrx_word' id='word_1_66' title='bbox 550 1056 853 1138; x_wconf 81' lang='lat' dir='ltr'><strong>tiliterque</strong></span> <span class='ocrx_word' id='word_1_67' title='bbox 914 1055 1540 1134; x_wconf 62' lang='lat' dir='ltr'><strong>griseo-pubescens</strong></span> <span class='ocrx_word' id='word_1_68' title='bbox 1622 1056 1963 1118; x_wconf 88' lang='lat' dir='ltr'><strong>-Scutellum</strong></span> <span class='ocrx_word' id='word_1_69' title='bbox 2023 1056 2358 1118; x_wconf 83' lang='lat' dir='ltr'><strong>obsoletius</strong></span> <span class='ocrx_word' id='word_1_70' title='bbox 2418 1062 2782 1136; x_wconf 84' lang='lat' dir='ltr'><strong>punctatum.</strong></span> <span class='ocrx_word' id='word_1_71' title='bbox 2876 1051 3093 1134; x_wconf 65' lang='lat' dir='ltr'><strong>mytra</strong></span> <span class='ocrx_word' id='word_1_72' title='bbox 3151 1053 3280 1112; x_wconf 82' lang='lat' dir='ltr'><strong>tho-</strong></span> 
     </span>
     <span class='ocr_line' id='line_1_11' title="bbox 552 1140 3280 1226; baseline -0.003 -17"><span class='ocrx_word' id='word_1_73' title='bbox 552 1147 697 1208; x_wconf 75' lang='lat' dir='ltr'><strong>&#39;race</strong></span> <span class='ocrx_word' id='word_1_74' title='bbox 742 1145 1099 1226; x_wconf 87' lang='lat' dir='ltr'><strong>plerumque</strong></span> <span class='ocrx_word' id='word_1_75' title='bbox 1145 1145 1329 1222; x_wconf 86' lang='lat' dir='ltr'><strong>paulo</strong></span> <span class='ocrx_word' id='word_1_76' title='bbox 1376 1145 1672 1224; x_wconf 81' lang='lat' dir='ltr'><strong>longiora,</strong></span> <span class='ocrx_word' id='word_1_77' title='bbox 1722 1145 1911 1207; x_wconf 84' lang='lat' dir='ltr'><strong>dense</strong></span> <span class='ocrx_word' id='word_1_78' title='bbox 1959 1153 2256 1225; x_wconf 85' lang='lat' dir='ltr'><strong>punctata,</strong></span> <span class='ocrx_word' id='word_1_79' title='bbox 2317 1153 2578 1206; x_wconf 73' lang='lat' dir='ltr'><strong>tenuiter</strong></span> <span class='ocrx_word' id='word_1_80' title='bbox 2624 1140 3280 1221; x_wconf 79' lang='lat' dir='ltr'><strong>griseo-pubescentia,</strong></span> 
     </span>
     <span class='ocr_line' id='line_1_12' title="bbox 553 1229 3278 1312; baseline -0.003 -14"><span class='ocrx_word' id='word_1_81' title='bbox 553 1236 651 1298; x_wconf 88' lang='lat' dir='ltr'><strong>vel</strong></span> <span class='ocrx_word' id='word_1_82' title='bbox 697 1235 846 1309; x_wconf 82' lang='lat' dir='ltr'><strong>rufa,</strong></span> <span class='ocrx_word' id='word_1_83' title='bbox 894 1232 1023 1292; x_wconf 88' lang='lat' dir='ltr'><strong>basi</strong></span> <span class='ocrx_word' id='word_1_84' title='bbox 1068 1233 1253 1311; x_wconf 83' lang='lat' dir='ltr'><strong>nigra,</strong></span> <span class='ocrx_word' id='word_1_85' title='bbox 1297 1234 1392 1293; x_wconf 89' lang='lat' dir='ltr'><strong>vel</strong></span> <span class='ocrx_word' id='word_1_86' title='bbox 1444 1234 1627 1312; x_wconf 80' lang='lat' dir='ltr'><strong>nigra,</strong></span> <span class='ocrx_word' id='word_1_87' title='bbox 1674 1235 1844 1312; x_wconf 83' lang='lat' dir='ltr'><strong>apice</strong></span> <span class='ocrx_word' id='word_1_88' title='bbox 1894 1237 2041 1297; x_wconf 85' lang='lat' dir='ltr'><strong>rufa.</strong></span> <span class='ocrx_word' id='word_1_89' title='bbox 2123 1235 2445 1296; x_wconf 86' lang='lat' dir='ltr'><strong>Abdomen</strong></span> <span class='ocrx_word' id='word_1_90' title='bbox 2495 1232 2790 1294; x_wconf 79' lang='lat' dir='ltr'><strong>subtiliter</strong></span> <span class='ocrx_word' id='word_1_91' title='bbox 2837 1229 3278 1292; x_wconf 62' lang='lat' dir='ltr'><strong>confertissime</strong></span> 
     </span>
     <span class='ocr_line' id='line_1_13' title="bbox 550 1319 3278 1406; baseline -0.002 -20"><span class='ocrx_word' id='word_1_92' title='bbox 550 1331 917 1406; x_wconf 83' lang='lat' dir='ltr'><strong>punctatum,</strong></span> <span class='ocrx_word' id='word_1_93' title='bbox 976 1319 1164 1382; x_wconf 88' lang='lat' dir='ltr'><strong>dense</strong></span> <span class='ocrx_word' id='word_1_94' title='bbox 1211 1321 1506 1383; x_wconf 84' lang='lat' dir='ltr'><strong>subtiliter</strong></span> <span class='ocrx_word' id='word_1_95' title='bbox 1552 1323 1798 1401; x_wconf 79' lang='lat' dir='ltr'><strong>griseo·</strong></span> <span class='ocrx_word' id='word_1_96' title='bbox 1819 1324 2182 1404; x_wconf 85' lang='lat' dir='ltr'><strong>pubescens,</strong></span> <span class='ocrx_word' id='word_1_97' title='bbox 2243 1324 2440 1385; x_wconf 86' lang='lat' dir='ltr'><strong>minus</strong></span> <span class='ocrx_word' id='word_1_98' title='bbox 2485 1323 2750 1398; x_wconf 86' lang='lat' dir='ltr'><strong>nitidum,</strong></span> <span class='ocrx_word' id='word_1_99' title='bbox 2793 1321 2966 1400; x_wconf 87' lang='lat' dir='ltr'><strong>apice</strong></span> <span class='ocrx_word' id='word_1_100' title='bbox 3013 1320 3278 1400; x_wconf 88' lang='lat' dir='ltr'><strong>piceum.</strong></span> 
     </span>
     <span class='ocr_line' id='line_1_14' title="bbox 548 1411 1740 1491; baseline -0.003 -15"><span class='ocrx_word' id='word_1_101' title='bbox 548 1413 749 1476; x_wconf 87' lang='lat' dir='ltr'><strong>Pedes</strong></span> <span class='ocrx_word' id='word_1_102' title='bbox 794 1413 1262 1488; x_wconf 85' lang='lat' dir='ltr'><strong>testaceo-rufi,</strong></span> <span class='ocrx_word' id='word_1_103' title='bbox 1319 1411 1491 1473; x_wconf 80' lang='lat' dir='ltr'><strong>coxis</strong></span> <span class='ocrx_word' id='word_1_104' title='bbox 1531 1411 1740 1491; x_wconf 80' lang='lat' dir='ltr'><strong>piceis,</strong></span> 
     </span>
    </p>
   </div>
   <div class='ocr_carea' id='block_1_4' title="bbox 547 1513 3278 1865">
    <p class='ocr_par' dir='ltr' id='par_1_4' title="bbox 547 1513 3278 1865">
     <span class='ocr_line' id='line_1_15' title="bbox 730 1513 3276 1601; baseline -0.003 -20"><span class='ocrx_word' id='word_1_105' title='bbox 730 1520 895 1581; x_wconf 88' lang='lat' dir='ltr'><strong>Mas</strong></span> <span class='ocrx_word' id='word_1_106' title='bbox 949 1515 1293 1578; x_wconf 44' lang='lat' dir='ltr'><strong>&gt;abdominis</strong></span> <span class='ocrx_word' id='word_1_107' title='bbox 1357 1527 1671 1597; x_wconf 80' lang='lat' dir='ltr'><strong>segmento</strong></span> <span class='ocrx_word' id='word_1_108' title='bbox 1730 1519 2018 1580; x_wconf 79' lang='lat' dir='ltr'><strong>inferiore</strong></span> <span class='ocrx_word' id='word_1_109' title='bbox 2080 1513 2289 1601; x_wconf 86' lang='lat' dir='ltr'><strong>quinto</strong></span> <span class='ocrx_word' id='word_1_110' title='bbox 2347 1515 2562 1578; x_wconf 87' lang='lat' dir='ltr'><strong>leviter</strong></span> <span class='ocrx_word' id='word_1_111' title='bbox 2605 1514 3127 1594; x_wconf 60' lang='lat' dir='ltr'><strong>longitudinaliter</strong></span> <span class='ocrx_word' id='word_1_112' title='bbox 3173 1516 3276 1574; x_wconf 88' lang='lat' dir='ltr'><strong>im-</strong></span> 
     </span>
     <span class='ocr_line' id='line_1_16' title="bbox 548 1604 3278 1690; baseline -0.002 -20"><span class='ocrx_word' id='word_1_113' title='bbox 548 1627 800 1690; x_wconf 85' lang='lat' dir='ltr'><strong>presso,</strong></span> <span class='ocrx_word' id='word_1_114' title='bbox 860 1615 1035 1668; x_wconf 83' lang='lat' dir='ltr'><strong>sexto</strong></span> <span class='ocrx_word' id='word_1_115' title='bbox 1082 1627 1196 1686; x_wconf 84' lang='lat' dir='ltr'><strong>per</strong></span> <span class='ocrx_word' id='word_1_116' title='bbox 1252 1614 1436 1667; x_wconf 88' lang='lat' dir='ltr'><strong>totam</strong></span> <span class='ocrx_word' id='word_1_117' title='bbox 1493 1607 1926 1686; x_wconf 82' lang='lat' dir='ltr'><strong>longitudinem</strong></span> <span class='ocrx_word' id='word_1_118' title='bbox 1986 1608 2345 1684; x_wconf 85' lang='lat' dir='ltr'><strong>bicarinato,</strong></span> <span class='ocrx_word' id='word_1_119' title='bbox 2403 1605 2617 1666; x_wconf 74' lang='lat' dir='ltr'><strong>carinis</strong></span> <span class='ocrx_word' id='word_1_120' title='bbox 2679 1605 3007 1688; x_wconf 80' lang='lat' dir='ltr'><strong>paralleliS,</strong></span> <span class='ocrx_word' id='word_1_121' title='bbox 3071 1604 3278 1684; x_wconf 76' lang='lat' dir='ltr'><strong>nigro·</strong></span> 
     </span>
     <span class='ocr_line' id='line_1_17' title="bbox 547 1693 3276 1779; baseline -0.001 -21"><span class='ocrx_word' id='word_1_122' title='bbox 547 1697 1050 1778; x_wconf 83' lang='lat' dir='ltr'><strong>pubescentibus,</strong></span> <span class='ocrx_word' id='word_1_123' title='bbox 1093 1695 1410 1757; x_wconf 86' lang='lat' dir='ltr'><strong>interstitio</strong></span> <span class='ocrx_word' id='word_1_124' title='bbox 1458 1706 1732 1776; x_wconf 81' lang='lat' dir='ltr'><strong>angusto,</strong></span> <span class='ocrx_word' id='word_1_125' title='bbox 1791 1697 2114 1779; x_wconf 84' lang='lat' dir='ltr'><strong>impresso,</strong></span> <span class='ocrx_word' id='word_1_126' title='bbox 2159 1699 2332 1776; x_wconf 86' lang='lat' dir='ltr'><strong>apice</strong></span> <span class='ocrx_word' id='word_1_127' title='bbox 2387 1693 2828 1774; x_wconf 85' lang='lat' dir='ltr'><strong>triangulariter</strong></span> <span class='ocrx_word' id='word_1_128' title='bbox 2873 1695 3120 1765; x_wconf 78' lang='lat' dir='ltr'><strong>exciso3</strong></span> <span class='ocrx_word' id='word_1_129' title='bbox 3179 1696 3276 1754; x_wconf 78' lang='lat' dir='ltr'><strong>fe-</strong></span> 
     </span>
     <span class='ocr_line' id='line_1_18' title="bbox 549 1786 2562 1865; baseline -0.002 -15"><span class='ocrx_word' id='word_1_130' title='bbox 549 1788 747 1851; x_wconf 82' lang='lat' dir='ltr'><strong>mina</strong></span> <span class='ocrx_word' id='word_1_131' title='bbox 794 1786 1015 1847; x_wconf 86' lang='lat' dir='ltr'><strong>eodem</strong></span> <span class='ocrx_word' id='word_1_132' title='bbox 1057 1787 1227 1865; x_wconf 84' lang='lat' dir='ltr'><strong>apice</strong></span> <span class='ocrx_word' id='word_1_133' title='bbox 1272 1787 1612 1860; x_wconf 77' lang='lat' dir='ltr'><strong>rotundato,</strong></span> <span class='ocrx_word' id='word_1_134' title='bbox 1661 1789 1861 1849; x_wconf 89' lang='lat' dir='ltr'><strong>medio</strong></span> <span class='ocrx_word' id='word_1_135' title='bbox 1897 1789 2124 1849; x_wconf 74' lang='lat' dir='ltr'><strong>leviter</strong></span> <span class='ocrx_word' id='word_1_136' title='bbox 2171 1786 2562 1865; x_wconf 79' lang='lat' dir='ltr'><strong>emarginatO.</strong></span> 
     </span>
    </p>
   </div>
   <div class='ocr_carea' id='block_1_5' title="bbox 544 1885 3276 2422">
    <p class='ocr_par' dir='ltr' id='par_1_5' title="bbox 544 1885 3276 2422">
     <span class='ocr_line' id='line_1_19' title="bbox 726 1885 3272 1973; baseline -0.002 -19"><span class='ocrx_word' id='word_1_137' title='bbox 726 1891 1001 1954; x_wconf 85' lang='lat' dir='ltr'><strong>Variat</strong></span> <span class='ocrx_word' id='word_1_138' title='bbox 1045 1892 1411 1972; x_wconf 88' lang='lat' dir='ltr'><strong>coleopteris</strong></span> <span class='ocrx_word' id='word_1_139' title='bbox 1460 1893 1704 1955; x_wconf 80' lang='lat' dir='ltr'><strong>thorace</strong></span> <span class='ocrx_word' id='word_1_140' title='bbox 1753 1894 1847 1954; x_wconf 91' lang='lat' dir='ltr'><strong>vel</strong></span> <span class='ocrx_word' id='word_1_141' title='bbox 1897 1893 2081 1973; x_wconf 89' lang='lat' dir='ltr'><strong>paulo</strong></span> <span class='ocrx_word' id='word_1_142' title='bbox 2125 1891 2538 1973; x_wconf 79' lang='lat' dir='ltr'><strong>longioribus,</strong></span> <span class='ocrx_word' id='word_1_143' title='bbox 2596 1888 2694 1951; x_wconf 62' lang='lat' dir='ltr'><strong>vel</strong></span> <span class='ocrx_word' id='word_1_144' title='bbox 2753 1888 2948 1950; x_wconf 88' lang='lat' dir='ltr'><strong>eidem</strong></span> <span class='ocrx_word' id='word_1_145' title='bbox 3009 1885 3272 1970; x_wconf 84' lang='lat' dir='ltr'><strong>longitu-</strong></span> 
     </span>
     <span class='ocr_line' id='line_1_20' title="bbox 550 1979 3272 2064; baseline -0.002 -21"><span class='ocrx_word' id='word_1_146' title='bbox 550 1981 691 2043; x_wconf 87' lang='lat' dir='ltr'><strong>dine</strong></span> <span class='ocrx_word' id='word_1_147' title='bbox 740 1981 1121 2064; x_wconf 80' lang='lat' dir='ltr'><strong>aequalibus:</strong></span> <span class='ocrx_word' id='word_1_148' title='bbox 1170 1981 1496 2060; x_wconf 82' lang='lat' dir='ltr'><strong>specimina</strong></span> <span class='ocrx_word' id='word_1_149' title='bbox 1542 1993 1738 2044; x_wconf 87' lang='lat' dir='ltr'><strong>autem</strong></span> <span class='ocrx_word' id='word_1_150' title='bbox 1788 1983 1963 2044; x_wconf 87' lang='lat' dir='ltr'><strong>etiam</strong></span> <span class='ocrx_word' id='word_1_151' title='bbox 2009 1982 2380 2062; x_wconf 79' lang='lat' dir='ltr'><strong>coleopteris</strong></span> <span class='ocrx_word' id='word_1_152' title='bbox 2427 1979 2802 2040; x_wconf 81' lang='lat' dir='ltr'><strong>brevioribus</strong></span> <span class='ocrx_word' id='word_1_153' title='bbox 2851 1979 3008 2038; x_wconf 87' lang='lat' dir='ltr'><strong>alata</strong></span> <span class='ocrx_word' id='word_1_154' title='bbox 3055 1987 3272 2040; x_wconf 73' lang='lat' dir='ltr'><strong>occur-</strong></span> 
     </span>
     <span class='ocr_line' id='line_1_21' title="bbox 548 2067 3276 2150; baseline -0.002 -16"><span class='ocrx_word' id='word_1_155' title='bbox 548 2080 717 2147; x_wconf 87' lang='lat' dir='ltr'><strong>runt,</strong></span> <span class='ocrx_word' id='word_1_156' title='bbox 778 2071 838 2132; x_wconf 89' lang='lat' dir='ltr'><strong>iu</strong></span> <span class='ocrx_word' id='word_1_157' title='bbox 894 2071 985 2132; x_wconf 90' lang='lat' dir='ltr'><strong>his</strong></span> <span class='ocrx_word' id='word_1_158' title='bbox 1045 2079 1271 2147; x_wconf 82' lang='lat' dir='ltr'><strong>autem,</strong></span> <span class='ocrx_word' id='word_1_159' title='bbox 1342 2073 1393 2132; x_wconf 90' lang='lat' dir='ltr'><strong>si</strong></span> <span class='ocrx_word' id='word_1_160' title='bbox 1450 2073 1717 2132; x_wconf 83' lang='lat' dir='ltr'><strong>mascula</strong></span> <span class='ocrx_word' id='word_1_161' title='bbox 1773 2081 1934 2148; x_wconf 85' lang='lat' dir='ltr'><strong>sunt,</strong></span> <span class='ocrx_word' id='word_1_162' title='bbox 2006 2071 2341 2134; x_wconf 85' lang='lat' dir='ltr'><strong>abdominis</strong></span> <span class='ocrx_word' id='word_1_163' title='bbox 2389 2069 2682 2150; x_wconf 87' lang='lat' dir='ltr'><strong>segmenti</strong></span> <span class='ocrx_word' id='word_1_164' title='bbox 2727 2067 3036 2128; x_wconf 82' lang='lat' dir='ltr'><strong>inferioris</strong></span> <span class='ocrx_word' id='word_1_165' title='bbox 3089 2069 3276 2150; x_wconf 87' lang='lat' dir='ltr'><strong>quinti</strong></span> 
     </span>
     <span class='ocr_line' id='line_1_22' title="bbox 547 2157 3274 2242; baseline -0.001 -19"><span class='ocrx_word' id='word_1_166' title='bbox 547 2163 853 2224; x_wconf 81' lang='lat' dir='ltr'><strong>structura</strong></span> <span class='ocrx_word' id='word_1_167' title='bbox 909 2160 1103 2222; x_wconf 90' lang='lat' dir='ltr'><strong>minus</strong></span> <span class='ocrx_word' id='word_1_168' title='bbox 1164 2179 1337 2242; x_wconf 89' lang='lat' dir='ltr'><strong>quam</strong></span> <span class='ocrx_word' id='word_1_169' title='bbox 1387 2159 1447 2224; x_wconf 86' lang='lat' dir='ltr'><strong>in</strong></span> <span class='ocrx_word' id='word_1_170' title='bbox 1494 2160 1608 2220; x_wconf 88' lang='lat' dir='ltr'><strong>illis</strong></span> <span class='ocrx_word' id='word_1_171' title='bbox 1656 2160 1970 2240; x_wconf 72' lang='lat' dir='ltr'><strong>explicata,</strong></span> <span class='ocrx_word' id='word_1_172' title='bbox 2027 2162 2245 2222; x_wconf 87' lang='lat' dir='ltr'><strong>carinis</strong></span> <span class='ocrx_word' id='word_1_173' title='bbox 2295 2167 2356 2224; x_wconf 89' lang='lat' dir='ltr'><strong>et</strong></span> <span class='ocrx_word' id='word_1_174' title='bbox 2399 2159 2800 2240; x_wconf 85' lang='lat' dir='ltr'><strong>impressione</strong></span> <span class='ocrx_word' id='word_1_175' title='bbox 2847 2157 3274 2238; x_wconf 82' lang='lat' dir='ltr'><strong>longitndinali</strong></span> 
     </span>
     <span class='ocr_line' id='line_1_23' title="bbox 544 2248 3271 2328; baseline -0.001 -15"><span class='ocrx_word' id='word_1_176' title='bbox 544 2271 663 2313; x_wconf 86' lang='lat' dir='ltr'><strong>nec</strong></span> <span class='ocrx_word' id='word_1_177' title='bbox 724 2269 849 2312; x_wconf 91' lang='lat' dir='ltr'><strong>non</strong></span> <span class='ocrx_word' id='word_1_178' title='bbox 907 2249 1157 2310; x_wconf 78' lang='lat' dir='ltr'><strong>SInubus</strong></span> <span class='ocrx_word' id='word_1_179' title='bbox 1216 2249 1544 2328; x_wconf 89' lang='lat' dir='ltr'><strong>apicalibus</strong></span> <span class='ocrx_word' id='word_1_180' title='bbox 1606 2249 2106 2328; x_wconf 85' lang='lat' dir='ltr'><strong>obsoletioribus,</strong></span> <span class='ocrx_word' id='word_1_181' title='bbox 2176 2250 2272 2312; x_wconf 87' lang='lat' dir='ltr'><strong>vel</strong></span> <span class='ocrx_word' id='word_1_182' title='bbox 2341 2267 2770 2328; x_wconf 85' lang='lat' dir='ltr'><strong>nonnunquam</strong></span> <span class='ocrx_word' id='word_1_183' title='bbox 2826 2248 2956 2308; x_wconf 82' lang='lat' dir='ltr'><strong>sere</strong></span> <span class='ocrx_word' id='word_1_184' title='bbox 3019 2251 3271 2310; x_wconf 90' lang='lat' dir='ltr'><strong>omnino</strong></span> 
     </span>
     <span class='ocr_line' id='line_1_24' title="bbox 548 2335 3003 2422; baseline -0.002 -19"><span class='ocrx_word' id='word_1_185' title='bbox 548 2339 865 2403; x_wconf 77' lang='lat' dir='ltr'><strong>obsoletis,</strong></span> <span class='ocrx_word' id='word_1_186' title='bbox 956 2341 1119 2400; x_wconf 85' lang='lat' dir='ltr'><strong>Cave</strong></span> <span class='ocrx_word' id='word_1_187' title='bbox 1166 2357 1243 2399; x_wconf 91' lang='lat' dir='ltr'><strong>ne</strong></span> <span class='ocrx_word' id='word_1_188' title='bbox 1293 2339 1589 2401; x_wconf 86' lang='lat' dir='ltr'><strong>eiusmodi</strong></span> <span class='ocrx_word' id='word_1_189' title='bbox 1635 2341 1967 2418; x_wconf 82' lang='lat' dir='ltr'><strong>specimina</strong></span> <span class='ocrx_word' id='word_1_190' title='bbox 2007 2360 2124 2420; x_wconf 89' lang='lat' dir='ltr'><strong>pro</strong></span> <span class='ocrx_word' id='word_1_191' title='bbox 2172 2339 2379 2422; x_wconf 82' lang='lat' dir='ltr'><strong>specie</strong></span> <span class='ocrx_word' id='word_1_192' title='bbox 2426 2337 2717 2418; x_wconf 82' lang='lat' dir='ltr'><strong>peculiari</strong></span> <span class='ocrx_word' id='word_1_193' title='bbox 2762 2335 3003 2398; x_wconf 83' lang='lat' dir='ltr'><strong>habeas.</strong></span> 
     </span>
    </p>
   </div>
   <div class='ocr_carea' id='block_1_6' title="bbox 466 2457 3270 2965">
    <p class='ocr_par' dir='ltr' id='par_1_6' title="bbox 466 2457 3270 2889">
     <span class='ocr_line' id='line_1_25' title="bbox 692 2457 3270 2532; baseline 0 -18"><span class='ocrx_word' id='word_1_194' title='bbox 692 2458 854 2514; x_wconf 90' lang='lat' dir='ltr'><strong>Obs.</strong></span> <span class='ocrx_word' id='word_1_195' title='bbox 926 2457 1249 2514; x_wconf 81' lang='lat' dir='ltr'><strong>Abdominis</strong></span> <span class='ocrx_word' id='word_1_196' title='bbox 1288 2466 1637 2532; x_wconf 77' lang='lat' dir='ltr'><strong>segmentum</strong></span> <span class='ocrx_word' id='word_1_197' title='bbox 1678 2468 1900 2518; x_wconf 81' lang='lat' dir='ltr'><strong>sextum</strong></span> <span class='ocrx_word' id='word_1_198' title='bbox 1935 2460 2108 2516; x_wconf 81' lang='lat' dir='ltr'><strong>maris</strong></span> <span class='ocrx_word' id='word_1_199' title='bbox 2158 2460 2304 2532; x_wconf 80' lang='lat' dir='ltr'><strong>apud</strong></span> <span class='ocrx_word' id='word_1_200' title='bbox 2353 2459 2608 2530; x_wconf 84' lang='lat' dir='ltr'><strong>Gyllenb.</strong></span> <span class='ocrx_word' id='word_1_201' title='bbox 2652 2462 2702 2514; x_wconf 86' lang='lat'><strong>1.</strong></span> <span class='ocrx_word' id='word_1_202' title='bbox 2741 2475 2789 2513; x_wconf 88' lang='lat' dir='ltr'><strong>c.</strong></span> <span class='ocrx_word' id='word_1_203' title='bbox 2827 2474 2940 2512; x_wconf 85' lang='lat' dir='ltr'><strong>non</strong></span> <span class='ocrx_word' id='word_1_204' title='bbox 2990 2457 3270 2514; x_wconf 74' lang='lat' dir='ltr'><strong>bicarina-</strong></span> 
     </span>
     <span class='ocr_line' id='line_1_26' title="bbox 542 2529 3269 2604; baseline -0.001 -16"><span class='ocrx_word' id='word_1_205' title='bbox 542 2538 660 2588; x_wconf 83' lang='lat' dir='ltr'><strong>tum</strong></span> <span class='ocrx_word' id='word_1_206' title='bbox 701 2531 803 2584; x_wconf 87' lang='lat' dir='ltr'><strong>sed</strong></span> <span class='ocrx_word' id='word_1_207' title='bbox 841 2531 1058 2595; x_wconf 85' lang='lat' dir='ltr'><strong>—„foveis</strong></span> <span class='ocrx_word' id='word_1_208' title='bbox 1096 2529 1305 2585; x_wconf 84' lang='lat' dir='ltr'><strong>duabus</strong></span> <span class='ocrx_word' id='word_1_209' title='bbox 1343 2533 1748 2604; x_wconf 82' lang='lat' dir='ltr'><strong>approximatis</strong></span> <span class='ocrx_word' id='word_1_210' title='bbox 1785 2531 2074 2604; x_wconf 84' lang='lat' dir='ltr'><strong>parallelis</strong></span> <span class='ocrx_word' id='word_1_211' title='bbox 2103 2531 2476 2604; x_wconf 86' lang='lat' dir='ltr'><strong>impressum&#39;’</strong></span> <span class='ocrx_word' id='word_1_212' title='bbox 2515 2530 2875 2602; x_wconf 85' lang='lat' dir='ltr'><strong>descriptum,</strong></span> <span class='ocrx_word' id='word_1_213' title='bbox 2907 2529 3269 2584; x_wconf 85' lang='lat' dir='ltr'><strong>nihilominus</strong></span> 
     </span>
     <span class='ocr_line' id='line_1_27' title="bbox 466 2601 3270 2677; baseline -0.001 -17"><span class='ocrx_word' id='word_1_214' title='bbox 466 2613 477 2624; x_wconf 77' lang='grc'><em>“</em></span> <span class='ocrx_word' id='word_1_215' title='bbox 543 2620 657 2660; x_wconf 84' lang='lat' dir='ltr'><strong>non</strong></span> <span class='ocrx_word' id='word_1_216' title='bbox 694 2601 888 2667; x_wconf 83' lang='lat' dir='ltr'><strong>ausim,</strong></span> <span class='ocrx_word' id='word_1_217' title='bbox 928 2601 1201 2658; x_wconf 82' lang='lat' dir='ltr'><strong>insecturn</strong></span> <span class='ocrx_word' id='word_1_218' title='bbox 1240 2601 1419 2659; x_wconf 86' lang='lat' dir='ltr'><strong>hocce</strong></span> <span class='ocrx_word' id='word_1_219' title='bbox 1457 2620 1561 2676; x_wconf 85' lang='lat' dir='ltr'><strong>pro</strong></span> <span class='ocrx_word' id='word_1_220' title='bbox 1598 2605 1710 2660; x_wconf 82' lang='lat' dir='ltr'><strong>alia</strong></span> <span class='ocrx_word' id='word_1_221' title='bbox 1746 2606 1977 2677; x_wconf 86' lang='lat' dir='ltr'><strong>quadam</strong></span> <span class='ocrx_word' id='word_1_222' title='bbox 2015 2606 2210 2677; x_wconf 88' lang='lat' dir='ltr'><strong>specie</strong></span> <span class='ocrx_word' id='word_1_223' title='bbox 2248 2604 2474 2671; x_wconf 83' lang='lat' dir='ltr'><strong>habere,</strong></span> <span class='ocrx_word' id='word_1_224' title='bbox 2507 2619 2628 2658; x_wconf 86' lang='lat' dir='ltr'><strong>cum</strong></span> <span class='ocrx_word' id='word_1_225' title='bbox 2667 2601 2790 2657; x_wconf 86' lang='lat' dir='ltr'><strong>fieri</strong></span> <span class='ocrx_word' id='word_1_226' title='bbox 2825 2601 3028 2673; x_wconf 63' lang='lat' dir='ltr'><strong>possit,</strong></span> <span class='ocrx_word' id='word_1_227' title='bbox 3071 2617 3270 2657; x_wconf 84' lang='lat' dir='ltr'><strong>errore</strong></span> 
     </span>
     <span class='ocr_line' id='line_1_28' title="bbox 543 2674 3270 2747; baseline -0.001 -16"><span class='ocrx_word' id='word_1_228' title='bbox 543 2676 781 2747; x_wconf 84' lang='lat' dir='ltr'><strong>quodam</strong></span> <span class='ocrx_word' id='word_1_229' title='bbox 820 2674 941 2729; x_wconf 88' lang='lat' dir='ltr'><strong>eius</strong></span> <span class='ocrx_word' id='word_1_230' title='bbox 978 2674 1162 2729; x_wconf 78' lang='lat' dir='ltr'><strong>deseri</strong></span> <span class='ocrx_word' id='word_1_231' title='bbox 1204 2675 1415 2729; x_wconf 83' lang='lat' dir='ltr'><strong>tionem</strong></span> <span class='ocrx_word' id='word_1_232' title='bbox 1454 2678 1728 2731; x_wconf 79' lang='lat' dir='ltr'><strong>turbatam</strong></span> <span class='ocrx_word' id='word_1_233' title='bbox 1769 2695 1915 2742; x_wconf 75' lang='lat' dir='ltr'><strong>esse,</strong></span> <span class='ocrx_word' id='word_1_234' title='bbox 1967 2684 2027 2733; x_wconf 88' lang='lat' dir='ltr'><strong>et</strong></span> <span class='ocrx_word' id='word_1_235' title='bbox 2077 2678 2186 2733; x_wconf 83' lang='lat' dir='ltr'><strong>iam</strong></span> <span class='ocrx_word' id='word_1_236' title='bbox 2235 2676 2418 2732; x_wconf 83' lang='lat' dir='ltr'><strong>minus</strong></span> <span class='ocrx_word' id='word_1_237' title='bbox 2467 2692 2626 2745; x_wconf 85' lang='lat' dir='ltr'><strong>quam</strong></span> <span class='ocrx_word' id='word_1_238' title='bbox 2665 2676 2800 2731; x_wconf 87' lang='lat' dir='ltr'><strong>olim</strong></span> <span class='ocrx_word' id='word_1_239' title='bbox 2851 2674 3001 2733; x_wconf 82' lang='lat' dir='ltr'><strong>(Col.</strong></span> <span class='ocrx_word' id='word_1_240' title='bbox 3051 2674 3270 2729; x_wconf 82' lang='lat' dir='ltr'><strong>March.</strong></span> 
     </span>
     <span class='ocr_line' id='line_1_29' title="bbox 542 2745 3270 2821; baseline 0 -20"><span class='ocrx_word' id='word_1_241' title='bbox 542 2747 583 2801; x_wconf 90' lang='lat'><strong>1.</strong></span> <span class='ocrx_word' id='word_1_242' title='bbox 638 2745 716 2813; x_wconf 87' lang='lat' dir='ltr'><strong>c.)</strong></span> <span class='ocrx_word' id='word_1_243' title='bbox 766 2745 870 2801; x_wconf 86' lang='lat' dir='ltr'><strong>hac</strong></span> <span class='ocrx_word' id='word_1_244' title='bbox 918 2746 989 2799; x_wconf 88' lang='lat' dir='ltr'><strong>de</strong></span> <span class='ocrx_word' id='word_1_245' title='bbox 1037 2762 1103 2799; x_wconf 89' lang='lat' dir='ltr'><strong>re</strong></span> <span class='ocrx_word' id='word_1_246' title='bbox 1192 2745 1343 2801; x_wconf 88' lang='lat' dir='ltr'><strong>ubito</strong></span> <span class='ocrx_word' id='word_1_247' title='bbox 1448 2749 1611 2804; x_wconf 88' lang='lat' dir='ltr'><strong>Dom.</strong></span> <span class='ocrx_word' id='word_1_248' title='bbox 1667 2750 1944 2821; x_wconf 83' lang='lat' dir='ltr'><strong>Sahlberg</strong></span> <span class='ocrx_word' id='word_1_249' title='bbox 1992 2755 2052 2803; x_wconf 90' lang='lat' dir='ltr'><strong>et</strong></span> <span class='ocrx_word' id='word_1_250' title='bbox 2099 2750 2448 2804; x_wconf 80' lang='lat' dir='ltr'><strong>Zetterstedt</strong></span> <span class='ocrx_word' id='word_1_251' title='bbox 2497 2748 2646 2802; x_wconf 77' lang='lat' dir='ltr'><strong>forte</strong></span> <span class='ocrx_word' id='word_1_252' title='bbox 2687 2750 2831 2801; x_wconf 86' lang='lat' dir='ltr'><strong>bona</strong></span> <span class='ocrx_word' id='word_1_253' title='bbox 2867 2747 2974 2801; x_wconf 81' lang='lat' dir='ltr'><strong>lide</strong></span> <span class='ocrx_word' id='word_1_254' title='bbox 3014 2746 3270 2818; x_wconf 79' lang='lat' dir='ltr'><strong>diagnosi</strong></span> 
     </span>
     <span class='ocr_line' id='line_1_30' title="bbox 542 2814 3264 2889; baseline 0 -16"><span class='ocrx_word' id='word_1_255' title='bbox 542 2814 971 2889; x_wconf 84' lang='lat' dir='ltr'><strong>Gyllenhaliana</strong></span> <span class='ocrx_word' id='word_1_256' title='bbox 1008 2818 1091 2871; x_wconf 89' lang='lat' dir='ltr'><strong>usi</strong></span> <span class='ocrx_word' id='word_1_257' title='bbox 1140 2824 1285 2881; x_wconf 88' lang='lat' dir='ltr'><strong>sunt,</strong></span> <span class='ocrx_word' id='word_1_258' title='bbox 1342 2826 1401 2873; x_wconf 89' lang='lat' dir='ltr'><strong>et</strong></span> <span class='ocrx_word' id='word_1_259' title='bbox 1450 2820 1609 2875; x_wconf 88' lang='lat' dir='ltr'><strong>Dom.</strong></span> <span class='ocrx_word' id='word_1_260' title='bbox 1658 2820 1860 2875; x_wconf 86' lang='lat' dir='ltr'><strong>Runde</strong></span> <span class='ocrx_word' id='word_1_261' title='bbox 1907 2820 2142 2877; x_wconf 77' lang='lat' dir='ltr'><strong>eandem</strong></span> <span class='ocrx_word' id='word_1_262' title='bbox 2192 2820 2529 2876; x_wconf 82' lang='lat' dir='ltr'><strong>mutuavisse</strong></span> <span class='ocrx_word' id='word_1_263' title='bbox 2565 2818 2701 2873; x_wconf 85' lang='lat' dir='ltr'><strong>mihi</strong></span> <span class='ocrx_word' id='word_1_264' title='bbox 2738 2834 3104 2889; x_wconf 83' lang='lat' dir='ltr'><strong>persuasum,</strong></span> <span class='ocrx_word' id='word_1_265' title='bbox 3147 2835 3264 2873; x_wconf 86' lang='lat' dir='ltr'><strong>cum</strong></span> 
     </span>
    </p>

    <p class='ocr_par' dir='ltr' id='par_1_7' title="bbox 540 2888 3264 2965">
     <span class='ocr_line' id='line_1_31' title="bbox 540 2888 3264 2965; baseline 0 -21"><span class='ocrx_word' id='word_1_266' title='bbox 540 2890 757 2945; x_wconf 82' lang='lat' dir='ltr'><strong>huncce</strong></span> <span class='ocrx_word' id='word_1_267' title='bbox 782 2895 1070 2945; x_wconf 79' lang='lat' dir='ltr'><strong>auctorem</strong></span> <span class='ocrx_word' id='word_1_268' title='bbox 1108 2888 1403 2943; x_wconf 86' lang='lat' dir='ltr'><strong>maximam</strong></span> <span class='ocrx_word' id='word_1_269' title='bbox 1444 2891 1701 2963; x_wconf 85' lang='lat' dir='ltr'><strong>opusculi</strong></span> <span class='ocrx_word' id='word_1_270' title='bbox 1739 2893 1824 2947; x_wconf 89' lang='lat' dir='ltr'><strong>sui</strong></span> <span class='ocrx_word' id='word_1_271' title='bbox 1861 2898 2080 2965; x_wconf 86' lang='lat' dir='ltr'><strong>partem</strong></span> <span class='ocrx_word' id='word_1_272' title='bbox 2123 2908 2158 2946; x_wconf 89' lang='lat' dir='ltr'><strong>e</strong></span> <span class='ocrx_word' id='word_1_273' title='bbox 2195 2890 2525 2963; x_wconf 78' lang='lat' dir='ltr'><strong>Sahlbergio</strong></span> <span class='ocrx_word' id='word_1_274' title='bbox 2563 2889 3021 2963; x_wconf 85' lang='lat' dir='ltr'><strong>transscripsisse</strong></span> <span class='ocrx_word' id='word_1_275' title='bbox 3057 2899 3264 2963; x_wconf 82' lang='lat' dir='ltr'><strong>pateat.</strong></span> 
     </span>
    </p>
   </div>
   <div class='ocr_carea' id='block_1_7' title="bbox 539 3002 3266 3261">
    <p class='ocr_par' dir='ltr' id='par_1_8' title="bbox 539 3002 3266 3261">
     <span class='ocr_line' id='line_1_32' title="bbox 539 3002 3266 3103; baseline -0.002 -20"><span class='ocrx_word' id='word_1_276' title='bbox 539 3028 581 3070; x_wconf 70' lang='lat'><strong>*¹</strong></span> <span class='ocrx_word' id='word_1_277' title='bbox 621 3022 679 3083; x_wconf 86' lang='grc'><strong>3.</strong></span> <span class='ocrx_word' id='word_1_278' title='bbox 740 3022 817 3081; x_wconf 79' lang='lat' dir='ltr'><strong>L.</strong></span> <span class='ocrx_word' id='word_1_279' title='bbox 841 3002 1360 3103; x_wconf 68' lang='lat' dir='ltr'><strong>fulvipenne:</strong></span> <span class='ocrx_word' id='word_1_280' title='bbox 1416 3020 1703 3100; x_wconf 72' lang='lat' dir='ltr'><strong>Nigrum,</strong></span> <span class='ocrx_word' id='word_1_281' title='bbox 1759 3023 2040 3095; x_wconf 72' lang='lat' dir='ltr'><strong>nitidum,</strong></span> <span class='ocrx_word' id='word_1_282' title='bbox 2087 3020 2461 3100; x_wconf 71' lang='lat' dir='ltr'><strong>punctulum,</strong></span> <span class='ocrx_word' id='word_1_283' title='bbox 2515 3018 2766 3079; x_wconf 63' lang='lat' dir='ltr'><strong>thorace</strong></span> <span class='ocrx_word' id='word_1_284' title='bbox 2807 3020 3094 3102; x_wconf 72' lang='lat' dir='ltr'><strong>oblongo,</strong></span> <span class='ocrx_word' id='word_1_285' title='bbox 3151 3022 3266 3102; x_wconf 62' lang='lat' dir='ltr'><strong>ely-</strong></span> 
     </span>
     <span class='ocr_line' id='line_1_33' title="bbox 731 3098 3264 3261; baseline 0.001 -103"><span class='ocrx_word' id='word_1_286' title='bbox 731 3099 1603 3261; x_wconf 41' lang='lat' dir='ltr'><strong>Zistaefh-olasszvfg&#39;ggstlltzine’</strong></span> <span class='ocrx_word' id='word_1_287' title='bbox 1660 3100 1868 3160; x_wconf 75' lang='lat' dir='ltr'><strong>crebre</strong></span> <span class='ocrx_word' id='word_1_288' title='bbox 1896 3110 2250 3182; x_wconf 69' lang='lat' dir='ltr'><strong>punctalis,</strong></span> <span class='ocrx_word' id='word_1_289' title='bbox 2299 3102 2492 3181; x_wconf 66' lang='lat' dir='ltr'><strong>ufic,</strong></span> <span class='ocrx_word' id='word_1_290' title='bbox 2547 3100 2680 3159; x_wconf 74' lang='lat' dir='ltr'><strong>basi</strong></span> <span class='ocrx_word' id='word_1_291' title='bbox 2717 3098 2948 3193; x_wconf 56' lang='lat' dir='ltr'><strong>nigris,</strong></span> <span class='ocrx_word' id='word_1_292' title='bbox 2999 3102 3264 3181; x_wconf 70' lang='lat' dir='ltr'><strong>pedibus</strong></span> 
     </span>
    </p>
   </div>
   <div class='ocr_carea' id='block_1_8' title="bbox 612 3280 3262 3438">
    <p class='ocr_par' dir='ltr' id='par_1_9' title="bbox 612 3280 3262 3438">
     <span class='ocr_line' id='line_1_34' title="bbox 612 3280 3262 3369; baseline -0.001 -17"><span class='ocrx_word' id='word_1_293' title='bbox 612 3298 753 3369; x_wconf 73' lang='lat' dir='ltr'><strong>Gyll.</strong></span> <span class='ocrx_word' id='word_1_294' title='bbox 791 3298 903 3351; x_wconf 70' lang='lat' dir='ltr'><strong>Ina.</strong></span> <span class='ocrx_word' id='word_1_295' title='bbox 948 3300 1095 3349; x_wconf 74' lang='lat' dir='ltr'><strong>Sace.</strong></span> <span class='ocrx_word' id='word_1_296' title='bbox 1130 3298 1203 3349; x_wconf 85' lang='grc' dir='ltr'><strong>ΙΙ.</strong></span> <span class='ocrx_word' id='word_1_297' title='bbox 1238 3280 1362 3351; x_wconf 74' lang='lat'><strong>365&#39;.</strong></span> <span class='ocrx_word' id='word_1_298' title='bbox 1398 3296 1447 3349; x_wconf 86' lang='grc'><strong>2-</strong></span> <span class='ocrx_word' id='word_1_299' title='bbox 1494 3323 1545 3333; x_wconf 83' lang='lat'><strong>-—</strong></span> <span class='ocrx_word' id='word_1_300' title='bbox 1601 3295 1779 3349; x_wconf 65' lang='lat' dir='ltr'><strong>Solam.</strong></span> <span class='ocrx_word' id='word_1_301' title='bbox 1812 3298 2126 3351; x_wconf 68' lang='lat' dir='ltr'><strong>Iu..Fem.</strong></span> <span class='ocrx_word' id='word_1_302' title='bbox 2160 3296 2212 3349; x_wconf 85' lang='lat'><strong>1.</strong></span> <span class='ocrx_word' id='word_1_303' title='bbox 2250 3295 2374 3351; x_wconf 80' lang='lat'><strong>338.</strong></span> <span class='ocrx_word' id='word_1_304' title='bbox 2411 3296 2461 3349; x_wconf 80' lang='lat'><strong>3.</strong></span> <span class='ocrx_word' id='word_1_305' title='bbox 2483 3326 2548 3337; x_wconf 92' lang='lat'><strong>-—</strong></span> <span class='ocrx_word' id='word_1_306' title='bbox 2585 3298 2841 3349; x_wconf 67' lang='lat' dir='ltr'><strong>Zeita-st.</strong></span> <span class='ocrx_word' id='word_1_307' title='bbox 2881 3298 3054 3350; x_wconf 70' lang='lat' dir='ltr'><strong>Fan.</strong></span> <span class='ocrx_word' id='word_1_308' title='bbox 3102 3300 3262 3368; x_wconf 71' lang='lat' dir='ltr'><strong>Iapp.</strong></span> 
     </span>
     <span class='ocr_line' id='line_1_35' title="bbox 678 3366 3260 3438; baseline -0 -16"><span class='ocrx_word' id='word_1_309' title='bbox 678 3371 723 3423; x_wconf 84' lang='grc' dir='ltr'><strong>Ῑ.</strong></span> <span class='ocrx_word' id='word_1_310' title='bbox 762 3369 849 3421; x_wconf 85' lang='grc'><strong>82.</strong></span> <span class='ocrx_word' id='word_1_311' title='bbox 888 3370 940 3420; x_wconf 97' lang='grc'><strong>2.</strong></span> <span class='ocrx_word' id='word_1_312' title='bbox 981 3371 1084 3420; x_wconf 75' lang='lat' dir='ltr'><strong>Ins.</strong></span> <span class='ocrx_word' id='word_1_313' title='bbox 1124 3369 1364 3437; x_wconf 73' lang='lat' dir='ltr'><strong>Loppon.</strong></span> <span class='ocrx_word' id='word_1_314' title='bbox 1404 3366 1489 3419; x_wconf 79' lang='grc'><strong>67.</strong></span> <span class='ocrx_word' id='word_1_315' title='bbox 1527 3368 1577 3419; x_wconf 85' lang='grc'><strong>2.</strong></span> <span class='ocrx_word' id='word_1_316' title='bbox 1618 3394 1680 3403; x_wconf 92' lang='grc'><strong>-</strong></span> <span class='ocrx_word' id='word_1_317' title='bbox 1725 3368 2011 3424; x_wconf 61' lang='lat' dir='ltr'><strong>Dianam-It.</strong></span> <span class='ocrx_word' id='word_1_318' title='bbox 2061 3368 2394 3438; x_wconf 68' lang='lat' dir='ltr'><strong>Brut-helytr.</strong></span> <span class='ocrx_word' id='word_1_319' title='bbox 2431 3366 2517 3419; x_wconf 83' lang='lat'><strong>37.</strong></span> <span class='ocrx_word' id='word_1_320' title='bbox 2553 3369 2604 3420; x_wconf 91' lang='grc'><strong>2.</strong></span> <span class='ocrx_word' id='word_1_321' title='bbox 2628 3394 2688 3404; x_wconf 90' lang='grc'>-</span> <span class='ocrx_word' id='word_1_322' title='bbox 2723 3366 2906 3419; x_wconf 64' lang='lat' dir='ltr'><strong>Bona.</strong></span> <span class='ocrx_word' id='word_1_323' title='bbox 2945 3374 3000 3419; x_wconf 76' lang='lat' dir='ltr'><strong>el</strong></span> <span class='ocrx_word' id='word_1_324' title='bbox 3037 3370 3260 3421; x_wconf 74' lang='lat' dir='ltr'><strong>Lac-ord.</strong></span> 
     </span>
    </p>
   </div>
   <div class='ocr_carea' id='block_1_9' title="bbox 678 3438 3262 3564">
    <p class='ocr_par' dir='ltr' id='par_1_10' title="bbox 678 3438 3262 3564">
     <span class='ocr_line' id='line_1_36' title="bbox 678 3438 3262 3511; baseline 0 -19"><span class='ocrx_word' id='word_1_325' title='bbox 678 3442 849 3493; x_wconf 73' lang='lat' dir='ltr'><strong>Faun.</strong></span> <span class='ocrx_word' id='word_1_326' title='bbox 888 3440 1017 3491; x_wconf 64' lang='lat' dir='ltr'><strong>Eat.</strong></span> <span class='ocrx_word' id='word_1_327' title='bbox 1056 3439 1241 3490; x_wconf 66' lang='lat' dir='ltr'><strong>Par-³0.</strong></span> <span class='ocrx_word' id='word_1_328' title='bbox 1278 3440 1335 3505; x_wconf 57' lang='lat'><strong>1,</strong></span> <span class='ocrx_word' id='word_1_329' title='bbox 1363 3438 1485 3491; x_wconf 80' lang='grc'><strong>424.</strong></span> <span class='ocrx_word' id='word_1_330' title='bbox 1524 3442 1575 3491; x_wconf 81' lang='grc'><strong>4.</strong></span> <span class='ocrx_word' id='word_1_331' title='bbox 1618 3466 1681 3477; x_wconf 89' lang='lat'><em>-</em></span> <span class='ocrx_word' id='word_1_332' title='bbox 1723 3440 1916 3491; x_wconf 69' lang='lat' dir='ltr'><strong>Raude</strong></span> <span class='ocrx_word' id='word_1_333' title='bbox 1955 3438 2291 3509; x_wconf 69' lang='lat' dir='ltr'><strong>Bmcleelytr.</strong></span> <span class='ocrx_word' id='word_1_334' title='bbox 2329 3442 2454 3494; x_wconf 76' lang='lat' dir='ltr'><strong>Hal.</strong></span> <span class='ocrx_word' id='word_1_335' title='bbox 2497 3440 2577 3492; x_wconf 76' lang='lat'><strong>12.</strong></span> <span class='ocrx_word' id='word_1_336' title='bbox 2613 3438 2668 3493; x_wconf 87' lang='grc'><strong>3.</strong></span> <span class='ocrx_word' id='word_1_337' title='bbox 2707 3462 2777 3477; x_wconf 87' lang='lat'><em>-</em></span> <span class='ocrx_word' id='word_1_338' title='bbox 2814 3440 3042 3493; x_wconf 70' lang='lat' dir='ltr'><strong>Noram.</strong></span> <span class='ocrx_word' id='word_1_339' title='bbox 3087 3440 3262 3511; x_wconf 67' lang='lat' dir='ltr'><strong>Syn-nb.</strong></span> 
     </span>
     <span class='ocr_line' id='line_1_37' title="bbox 680 3508 2380 3564; baseline -0.005 0"><span class='ocrx_word' id='word_1_340' title='bbox 680 3510 799 3564; x_wconf 76' lang='lat'>141.</span> <span class='ocrx_word' id='word_1_341' title='bbox 838 3511 891 3561; x_wconf 91' lang='grc'><strong>2.</strong></span> <span class='ocrx_word' id='word_1_342' title='bbox 932 3534 994 3547; x_wconf 87' lang='grc'><strong>--·</strong></span> <span class='ocrx_word' id='word_1_343' title='bbox 1035 3512 1130 3562; x_wconf 78' lang='lat' dir='ltr'><strong>Er.</strong></span> <span class='ocrx_word' id='word_1_344' title='bbox 1175 3508 1285 3562; x_wconf 69' lang='lat'><em>(3⁰10</em></span> <span class='ocrx_word' id='word_1_345' title='bbox 1319 3509 1614 3563; x_wconf 62' lang='lat' dir='ltr'><strong>Mar-clav!-</strong></span> <span class='ocrx_word' id='word_1_346' title='bbox 1652 3512 1772 3562; x_wconf 75' lang='lat'><strong>505.</strong></span> <span class='ocrx_word' id='word_1_347' title='bbox 1811 3512 1862 3564; x_wconf 83' lang='grc'><strong>3.</strong></span> <span class='ocrx_word' id='word_1_348' title='bbox 2374 3526 2380 3531; x_wconf 87' lang='grc'><em>·</em></span> 
     </span>
    </p>
   </div>
   <div class='ocr_carea' id='block_1_10' title="bbox 533 3594 2793 3759">
    <p class='ocr_par' dir='ltr' id='par_1_11' title="bbox 533 3594 2793 3759">
     <span class='ocr_line' id='line_1_38' title="bbox 538 3594 1989 3667; baseline 0 -15"><span class='ocrx_word' id='word_1_349' title='bbox 538 3594 1247 3667; x_wconf 66' lang='lat' dir='ltr'><strong>Staplu.fulepennis</strong></span> <span class='ocrx_word' id='word_1_350' title='bbox 1289 3600 1449 3650; x_wconf 72' lang='lat' dir='ltr'><strong>Grau.</strong></span> <span class='ocrx_word' id='word_1_351' title='bbox 1481 3600 1663 3653; x_wconf 62' lang='lat' dir='ltr'><strong>&#39;Mem</strong></span> <span class='ocrx_word' id='word_1_352' title='bbox 1705 3598 1826 3650; x_wconf 68' lang='lat'>10⁴.</span> <span class='ocrx_word' id='word_1_353' title='bbox 1873 3596 1989 3652; x_wconf 78' lang='lat'><strong>106.</strong></span> 
     </span>
     <span class='ocr_line' id='line_1_39' title="bbox 533 3684 2793 3759; baseline -0.001 -19"><span class='ocrx_word' id='word_1_354' title='bbox 533 3684 853 3740; x_wconf 72' lang='lat' dir='ltr'><strong>Lathrob.</strong></span> <span class='ocrx_word' id='word_1_355' title='bbox 890 3684 1280 3759; x_wconf 74' lang='lat' dir='ltr'><strong>elongatum</strong></span> <span class='ocrx_word' id='word_1_356' title='bbox 1320 3686 1503 3741; x_wconf 66' lang='lat' dir='ltr'><strong>Boisd.</strong></span> <span class='ocrx_word' id='word_1_357' title='bbox 1536 3696 1593 3739; x_wconf 77' lang='lat' dir='ltr'><strong>‘et</strong></span> <span class='ocrx_word' id='word_1_358' title='bbox 1632 3685 1860 3739; x_wconf 63' lang='lat' dir='ltr'><strong>Laevi-d.</strong></span> <span class='ocrx_word' id='word_1_359' title='bbox 1901 3690 2069 3741; x_wconf 64' lang='lat' dir='ltr'><strong>Fauna.</strong></span> <span class='ocrx_word' id='word_1_360' title='bbox 2109 3686 2241 3742; x_wconf 63' lang='lat' dir='ltr'><strong>Eat.</strong></span> <span class='ocrx_word' id='word_1_361' title='bbox 2277 3688 2464 3744; x_wconf 69' lang='lat' dir='ltr'><strong>Paris·</strong></span> <span class='ocrx_word' id='word_1_362' title='bbox 2498 3688 2545 3741; x_wconf 87' lang='lat' dir='ltr'><strong>I.</strong></span> <span class='ocrx_word' id='word_1_363' title='bbox 2577 3686 2702 3743; x_wconf 71' lang='grc'><strong>423.</strong></span> <span class='ocrx_word' id='word_1_364' title='bbox 2739 3685 2793 3743; x_wconf 80' lang='grc'><strong>3.</strong></span> 
     </span>
    </p>
   </div>
   <div class='ocr_carea' id='block_1_11' title="bbox 708 3782 1691 3881">
    <p class='ocr_par' dir='ltr' id='par_1_12' title="bbox 708 3782 1691 3881">
     <span class='ocr_line' id='line_1_40' title="bbox 708 3782 1691 3881; baseline 0.005 -29"><span class='ocrx_word' id='word_1_365' title='bbox 708 3792 945 3881; x_wconf 75' lang='lat' dir='ltr'><strong>Habitat</strong></span> <span class='ocrx_word' id='word_1_366' title='bbox 987 3793 1046 3853; x_wconf 88' lang='lat' dir='ltr'><strong>in</strong></span> <span class='ocrx_word' id='word_1_367' title='bbox 1094 3782 1432 3871; x_wconf 78' lang='lat' dir='ltr'><strong>Germania,</strong></span> <span class='ocrx_word' id='word_1_368' title='bbox 1480 3794 1691 3857; x_wconf 78' lang='lat' dir='ltr'><strong>Gallia.</strong></span> 
     </span>
    </p>
   </div>
   <div class='ocr_carea' id='block_1_12' title="bbox 520 3899 3260 4786">
    <p class='ocr_par' dir='ltr' id='par_1_13' title="bbox 520 3899 3260 4786">
     <span class='ocr_line' id='line_1_41' title="bbox 708 3899 3258 3985; baseline 0.002 -25"><span class='ocrx_word' id='word_1_369' title='bbox 708 3900 777 3963; x_wconf 87' lang='lat' dir='ltr'><strong>L.</strong></span> <span class='ocrx_word' id='word_1_370' title='bbox 838 3899 1120 3981; x_wconf 84' lang='lat' dir='ltr'><strong>elongato</strong></span> <span class='ocrx_word' id='word_1_371' title='bbox 1180 3901 1391 3977; x_wconf 85' lang='lat' dir='ltr'><strong>affine,</strong></span> <span class='ocrx_word' id='word_1_372' title='bbox 1451 3901 1796 3981; x_wconf 83' lang='lat' dir='ltr'><strong>angustius,</strong></span> <span class='ocrx_word' id='word_1_373' title='bbox 1854 3902 2116 3983; x_wconf 83' lang='lat' dir='ltr'><strong>nigrum,</strong></span> <span class='ocrx_word' id='word_1_374' title='bbox 2161 3900 2429 3965; x_wconf 79' lang='lat' dir='ltr'><strong>nitidum.</strong></span> <span class='ocrx_word' id='word_1_375' title='bbox 2521 3900 2838 3962; x_wconf 63' lang='lat' dir='ltr'><strong>Anu-unse</strong></span> <span class='ocrx_word' id='word_1_376' title='bbox 2883 3908 2987 3962; x_wconf 78' lang='lat' dir='ltr'><strong>vix</strong></span> <span class='ocrx_word' id='word_1_377' title='bbox 3049 3903 3258 3985; x_wconf 72' lang='lat' dir='ltr'><strong>capitis</strong></span> 
     </span>
     <span class='ocr_line' id='line_1_42' title="bbox 528 3988 3256 4073; baseline 0.001 -22"><span class='ocrx_word' id='word_1_378' title='bbox 528 3988 920 4073; x_wconf 73' lang='lat' dir='ltr'><strong>thoracisque</strong></span> <span class='ocrx_word' id='word_1_379' title='bbox 994 3989 1405 4071; x_wconf 86' lang='lat' dir='ltr'><strong>longitudine,</strong></span> <span class='ocrx_word' id='word_1_380' title='bbox 1480 3991 1947 4069; x_wconf 86' lang='lat' dir='ltr'><strong>crassiuscnlae,</strong></span> <span class='ocrx_word' id='word_1_381' title='bbox 2015 3992 2270 4055; x_wconf 88' lang='lat' dir='ltr'><strong>articulo</strong></span> <span class='ocrx_word' id='word_1_382' title='bbox 2347 3988 2529 4053; x_wconf 82' lang='lat' dir='ltr'><strong>tertio</strong></span> <span class='ocrx_word' id='word_1_383' title='bbox 2607 3988 2883 4053; x_wconf 86' lang='lat' dir='ltr'><strong>secundo</strong></span> <span class='ocrx_word' id='word_1_384' title='bbox 2955 3990 3256 4073; x_wconf 75' lang='lat' dir='ltr'><strong>longiore,</strong></span> 
     </span>
     <span class='ocr_line' id='line_1_43' title="bbox 532 4078 3260 4163; baseline 0.001 -22"><span class='ocrx_word' id='word_1_385' title='bbox 532 4078 673 4151; x_wconf 77' lang='grc'><strong>4-</strong></span> <span class='ocrx_word' id='word_1_386' title='bbox 700 4078 780 4141; x_wconf 87' lang='lat'><strong>10</strong></span> <span class='ocrx_word' id='word_1_387' title='bbox 828 4080 1052 4145; x_wconf 85' lang='lat' dir='ltr'><strong>sensim</strong></span> <span class='ocrx_word' id='word_1_388' title='bbox 1098 4081 1284 4160; x_wconf 82' lang='lat' dir='ltr'><strong>paulo</strong></span> <span class='ocrx_word' id='word_1_389' title='bbox 1331 4078 1712 4141; x_wconf 85' lang='lat' dir='ltr'><strong>brevioribus</strong></span> <span class='ocrx_word' id='word_1_390' title='bbox 1762 4088 1822 4141; x_wconf 90' lang='lat' dir='ltr'><strong>et</strong></span> <span class='ocrx_word' id='word_1_391' title='bbox 1865 4081 2052 4160; x_wconf 91' lang='lat' dir='ltr'><strong>paulo</strong></span> <span class='ocrx_word' id='word_1_392' title='bbox 2097 4080 2286 4160; x_wconf 79' lang='lat' dir='ltr'><strong>magis</strong></span> <span class='ocrx_word' id='word_1_393' title='bbox 2335 4079 2663 4155; x_wconf 88' lang='lat' dir='ltr'><strong>obconicis‚</strong></span> <span class='ocrx_word' id='word_1_394' title='bbox 2710 4081 2898 4144; x_wconf 84' lang='lat' dir='ltr'><strong>rusae.</strong></span> <span class='ocrx_word' id='word_1_395' title='bbox 2983 4082 3154 4163; x_wconf 82' lang='lat' dir='ltr'><strong>Palpi</strong></span> <span class='ocrx_word' id='word_1_396' title='bbox 3199 4094 3260 4145; x_wconf 85' lang='lat' dir='ltr'><strong>et</strong></span> 
     </span>
     <span class='ocr_line' id='line_1_44' title="bbox 528 4165 3256 4251; baseline 0.003 -24"><span class='ocrx_word' id='word_1_397' title='bbox 528 4165 761 4229; x_wconf 87' lang='lat' dir='ltr'><strong>labrum</strong></span> <span class='ocrx_word' id='word_1_398' title='bbox 804 4172 945 4235; x_wconf 85' lang='lat' dir='ltr'><strong>rufo</strong></span> <span class='ocrx_word' id='word_1_399' title='bbox 965 4207 991 4216; x_wconf 93' lang='lat'>-</span> <span class='ocrx_word' id='word_1_400' title='bbox 1010 4171 1235 4251; x_wconf 64' lang='lat' dir='ltr'><strong>pic-ea·</strong></span> <span class='ocrx_word' id='word_1_401' title='bbox 1288 4168 1676 4229; x_wconf 87' lang='lat' dir='ltr'><strong>Mandibulae</strong></span> <span class='ocrx_word' id='word_1_402' title='bbox 1721 4170 1954 4249; x_wconf 87' lang='lat' dir='ltr'><strong>piceae.</strong></span> <span class='ocrx_word' id='word_1_403' title='bbox 1999 4172 2244 4251; x_wconf 37' lang='lat' dir='ltr'><strong>«Caput</strong></span> <span class='ocrx_word' id='word_1_404' title='bbox 2287 4171 2534 4233; x_wconf 82' lang='lat' dir='ltr'><strong>thorace</strong></span> <span class='ocrx_word' id='word_1_405' title='bbox 2579 4168 2682 4229; x_wconf 75' lang='lat' dir='ltr'><strong>vix</strong></span> <span class='ocrx_word' id='word_1_406' title='bbox 2727 4171 3058 4249; x_wconf 80' lang='lat' dir='ltr'><strong>angustius,</strong></span> <span class='ocrx_word' id='word_1_407' title='bbox 3111 4173 3256 4233; x_wconf 89' lang='lat' dir='ltr'><strong>sub-</strong></span> 
     </span>
     <span class='ocr_line' id='line_1_45' title="bbox 528 4256 3256 4342; baseline 0.003 -25"><span class='ocrx_word' id='word_1_408' title='bbox 528 4256 724 4334; x_wconf 84' lang='lat' dir='ltr'><strong>ovale,</strong></span> <span class='ocrx_word' id='word_1_409' title='bbox 770 4256 1057 4321; x_wconf 86' lang='lat' dir='ltr'><strong>lateribus</strong></span> <span class='ocrx_word' id='word_1_410' title='bbox 1106 4257 1398 4334; x_wconf 84' lang='lat' dir='ltr'><strong>crebrius,</strong></span> <span class='ocrx_word' id='word_1_411' title='bbox 1444 4258 1644 4318; x_wconf 82' lang='lat' dir='ltr'><strong>fronte</strong></span> <span class='ocrx_word' id='word_1_412' title='bbox 1692 4260 1933 4336; x_wconf 82' lang='lat' dir='ltr'><strong>parcius</strong></span> <span class='ocrx_word' id='word_1_413' title='bbox 1978 4269 2381 4339; x_wconf 70' lang='lat' dir='ltr'><strong>punctanim.—</strong></span> <span class='ocrx_word' id='word_1_414' title='bbox 2430 4260 2676 4321; x_wconf 85' lang='lat' dir='ltr'><strong>Thorax</strong></span> <span class='ocrx_word' id='word_1_415' title='bbox 2723 4259 3104 4339; x_wconf 72' lang='lat' dir='ltr'><strong>coleopteris</strong></span> <span class='ocrx_word' id='word_1_416' title='bbox 3151 4282 3256 4342; x_wconf 86' lang='lat' dir='ltr'><strong>pa·-</strong></span> 
     </span>
     <span class='ocr_line' id='line_1_46' title="bbox 523 4346 3252 4431; baseline 0.002 -24"><span class='ocrx_word' id='word_1_417' title='bbox 523 4359 658 4407; x_wconf 81' lang='lat' dir='ltr'><strong>mm</strong></span> <span class='ocrx_word' id='word_1_418' title='bbox 718 4349 1060 4426; x_wconf 81' lang='lat' dir='ltr'><strong>angustior,</strong></span> <span class='ocrx_word' id='word_1_419' title='bbox 1116 4347 1426 4409; x_wconf 84' lang='lat' dir='ltr'><strong>latitudine</strong></span> <span class='ocrx_word' id='word_1_420' title='bbox 1473 4346 1680 4428; x_wconf 82' lang='lat' dir='ltr'><strong>sesqui</strong></span> <span class='ocrx_word' id='word_1_421' title='bbox 1723 4347 1988 4428; x_wconf 73' lang='lat' dir='ltr'><strong>longior,</strong></span> <span class='ocrx_word' id='word_1_422' title='bbox 2045 4350 2336 4412; x_wconf 80' lang='lat' dir='ltr'><strong>lateribus</strong></span> <span class='ocrx_word' id='word_1_423' title='bbox 2363 4348 2576 4425; x_wconf 65' lang='lat' dir='ltr'><strong>‘recti-s,</strong></span> <span class='ocrx_word' id='word_1_424' title='bbox 2641 4348 2972 4427; x_wconf 80' lang='lat' dir='ltr'><strong>parallelis,</strong></span> <span class='ocrx_word' id='word_1_425' title='bbox 3017 4352 3252 4431; x_wconf 80' lang='lat' dir='ltr'><strong>angulis</strong></span> 
     </span>
     <span class='ocr_line' id='line_1_47' title="bbox 526 4435 3252 4518; baseline 0.003 -24"><span class='ocrx_word' id='word_1_426' title='bbox 526 4436 803 4497; x_wconf 84' lang='lat' dir='ltr'><strong>omnibus</strong></span> <span class='ocrx_word' id='word_1_427' title='bbox 848 4437 1201 4513; x_wconf 88' lang='lat' dir='ltr'><strong>rotundatis,</strong></span> <span class='ocrx_word' id='word_1_428' title='bbox 1243 4435 1489 4518; x_wconf 88' lang='lat' dir='ltr'><strong>parcius</strong></span> <span class='ocrx_word' id='word_1_429' title='bbox 1534 4438 2135 4517; x_wconf 84' lang='lat' dir='ltr'><strong>grisco-pubescens,</strong></span> <span class='ocrx_word' id='word_1_430' title='bbox 2181 4440 2401 4501; x_wconf 89' lang='lat' dir='ltr'><strong>leviter·</strong></span> <span class='ocrx_word' id='word_1_431' title='bbox 2451 4456 2786 4515; x_wconf 79' lang='lat' dir='ltr'><strong>convexu3‚</strong></span> <span class='ocrx_word' id='word_1_432' title='bbox 2853 4446 2948 4500; x_wconf 87' lang='lat' dir='ltr'><strong>sat</strong></span> <span class='ocrx_word' id='word_1_433' title='bbox 3010 4441 3252 4502; x_wconf 85' lang='lat' dir='ltr'><strong>fortiter</strong></span> 
     </span>
     <span class='ocr_line' id='line_1_48' title="bbox 524 4523 3246 4608; baseline 0.004 -25"><span class='ocrx_word' id='word_1_434' title='bbox 524 4523 737 4584; x_wconf 85' lang='lat' dir='ltr'><strong>crebre</strong></span> <span class='ocrx_word' id='word_1_435' title='bbox 784 4534 1124 4603; x_wconf 76' lang='lat' dir='ltr'><strong>punctatuS,</strong></span> <span class='ocrx_word' id='word_1_436' title='bbox 1170 4526 1328 4586; x_wconf 89' lang='lat' dir='ltr'><strong>linea</strong></span> <span class='ocrx_word' id='word_1_437' title='bbox 1373 4525 1570 4585; x_wconf 89' lang='lat' dir='ltr'><strong>media</strong></span> <span class='ocrx_word' id='word_1_438' title='bbox 1611 4524 2025 4605; x_wconf 84' lang='lat' dir='ltr'><strong>longitudinali</strong></span> <span class='ocrx_word' id='word_1_439' title='bbox 2067 4528 2240 4605; x_wconf 88' lang='lat' dir='ltr'><strong>laevi,</strong></span> <span class='ocrx_word' id='word_1_440' title='bbox 2297 4526 2596 4589; x_wconf 84' lang='lat' dir='ltr'><strong>subtiliter</strong></span> <span class='ocrx_word' id='word_1_441' title='bbox 2641 4528 3246 4608; x_wconf 77' lang='lat' dir='ltr'><strong>griseo-pubescens·</strong></span> 
     </span>
     <span class='ocr_line' id='line_1_49' title="bbox 520 4612 3245 4697; baseline 0.003 -26"><span class='ocrx_word' id='word_1_442' title='bbox 520 4612 855 4674; x_wconf 88' lang='lat' dir='ltr'><strong>Scutellum</strong></span> <span class='ocrx_word' id='word_1_443' title='bbox 901 4615 1233 4677; x_wconf 85' lang='lat' dir='ltr'><strong>obsoletius</strong></span> <span class='ocrx_word' id='word_1_444' title='bbox 1277 4622 1641 4694; x_wconf 87' lang='lat' dir='ltr'><strong>punctatum.</strong></span> <span class='ocrx_word' id='word_1_445' title='bbox 1736 4615 1946 4697; x_wconf 84' lang='lat' dir='ltr'><strong>Elytra</strong></span> <span class='ocrx_word' id='word_1_446' title='bbox 1991 4616 2256 4680; x_wconf 84' lang='lat' dir='ltr'><strong>thoracis</strong></span> <span class='ocrx_word' id='word_1_447' title='bbox 2303 4618 2402 4677; x_wconf 83' lang='lat' dir='ltr'><strong>vix</strong></span> <span class='ocrx_word' id='word_1_448' title='bbox 2448 4616 2840 4697; x_wconf 84' lang='lat' dir='ltr'><strong>longitudine,</strong></span> <span class='ocrx_word' id='word_1_449' title='bbox 2887 4624 2982 4679; x_wconf 85' lang='lat' dir='ltr'><strong>sat</strong></span> <span class='ocrx_word' id='word_1_450' title='bbox 3029 4620 3245 4681; x_wconf 87' lang='lat' dir='ltr'><strong>crebre</strong></span> 
     </span>
     <span class='ocr_line' id='line_1_50' title="bbox 522 4701 3246 4786; baseline 0.004 -26"><span class='ocrx_word' id='word_1_451' title='bbox 522 4701 848 4782; x_wconf 85' lang='lat' dir='ltr'><strong>aequaliter</strong></span> <span class='ocrx_word' id='word_1_452' title='bbox 890 4711 1209 4782; x_wconf 59' lang='lat' dir='ltr'><strong>punctam,</strong></span> <span class='ocrx_word' id='word_1_453' title='bbox 1266 4705 1445 4783; x_wconf 65' lang='lat' dir='ltr'><strong>rufa,</strong></span> <span class='ocrx_word' id='word_1_454' title='bbox 1490 4724 1725 4767; x_wconf 86' lang='lat' dir='ltr'><strong>summa</strong></span> <span class='ocrx_word' id='word_1_455' title='bbox 1769 4706 1897 4768; x_wconf 80' lang='lat' dir='ltr'><strong>basi</strong></span> <span class='ocrx_word' id='word_1_456' title='bbox 1941 4707 2128 4786; x_wconf 83' lang='lat' dir='ltr'><strong>nigra.</strong></span> <span class='ocrx_word' id='word_1_457' title='bbox 2215 4707 2538 4769; x_wconf 83' lang='lat' dir='ltr'><strong>Abdomen</strong></span> <span class='ocrx_word' id='word_1_458' title='bbox 2583 4704 2880 4772; x_wconf 68' lang='lat' dir='ltr'><strong>subtiliter</strong></span> <span class='ocrx_word' id='word_1_459' title='bbox 2923 4710 3246 4774; x_wconf 79' lang='lat' dir='ltr'><strong>confertim</strong></span> 
     </span>
    </p>
   </div>
  </div>
 </body>
</html>
