3409 5250
1415 270 1745 336 Affinittm
2902 273 2939 338 7

189 438 396 518 elytris
445 439 678 502 fortius
723 433 1086 502 abbreviatis
1127 441 1332 504 baberi
1375 443 1630 521 possint,
1677 458 1805 506 non
1852 439 2039 504 modo
2084 439 2363 504 antennis
2408 439 2651 520 saepius
2698 431 2949 520 apicem'

191 547 404 590 versus
441 528 674 590 leviter
713 529 1082 607 inm-assatis,
1105 531 1222 604 sed
1260 531 1586 594 &donnino
1621 532 1801 594 etiam
1835 532 1895 594 in
1924 539 2181 613 utraque
2206 529 2431 592 familia
2464 529 2793 610 segmentis
2816 550 2931 594 sex

187 618 562 694 composito,
609 624 674 680 et
719 619 940 696 evenit,
983 625 1054 682 ut
1087 640 1126 680 a
1147 619 1452 696 Fabricio,
1491 621 1737 700 illiget-o
1782 620 2179 702 pluribusque
2224 619 2355 680 aliis
2398 619 2747 682 auctoribus
2793 621 2931 699 plu-

179 727 284 768 res
305 707 745 769 Omalinorum
792 711 1054 787 specieS,
1075 729 1232 791 quae
1280 729 1548 789 corpore
1593 711 1917 774 latiusculo
1966 715 2026 772 et
2069 709 2389 774 abdomine
2434 709 2647 786 partim
2693 709 2765 769 ab
2798 709 2928 788 ely-

175 798 292 857 tris
317 797 584 858 obtecto
631 797 822 876 magis
867 817 1076 859 earum
1118 799 1382 878 habitum
1425 819 1590 878 prae.
1621 819 1690 862 se
1738 801 1957 877 ferunt,
1978 819 2093 878 pro
2126 799 2313 860 meris
2336 797 2558 876 Silphis
2584 796 2927 877 descriptae

173 887 322 946 sint.
392 885 624 964 Silphis
669 894 872 948 autem
915 886 1252 950 abdominis
1299 897 1610 968 segmenta
1625 889 1901 952 dorsalia
1936 888 2246 950 anteriora
2278 887 2739 950 membranacea
2774 897 2928 963 suut,

173 986 242 1035 et
295 975 648 1036 abdominis
691 985 1070 1055 segmentum
1118 977 1374 1056 primum
1399 979 1616 1040 minus
1661 978 2025 1042 distinctum.
2094 979 2419 1039 Praeterea
2450 975 2671 1055 Silphis
2719 977 2927 1055 genui-

171 1064 280 1124 nis
317 1063 668 1143 staphylini
712 1066 970 1144 genuini,
1015 1067 1356 1146 Catopibus
1402 1066 1817 1146 'Pacliyporini
1862 1067 2189 1146 propiores
2234 1066 2376 1126 mihi
2420 1065 2719 1127 videntur.

367 1152 748 1232 Pselaphi
789 1154 998 1233 elytris
1044 1169 1260 1234 pectus
1305 1157 1464 1218 haud
1510 1156 1945 1220 excedentibus
1994 1164 2055 1217 et
2098 1155 2418 1217 abdomine
2438 1155 2929 1232 nud0,5egmen-

166 1242 252 1303 tis
303 1242 599 1303 omnibus
645 1243 886 1304 corneis
931 1245 1276 1323 composito
1324 1244 1690 1325 Staphylinis
1737 1254 1878 1307 sunt
1923 1245 2197 1324 proximi,
2220 1263 2426 1326 neque
2470 1241 2650 1304 victu·
2680 1243 2931 1304 multum

171 1331 254 1392 ab
301 1331 380 1392 iis
433 1331 789 1410 discedunt,
847 1340 918 1394 nt
959 1329 1324 1412 EuplectOS,
1385 1335 1488 1416 qui
1533 1353 1799 1413 corpore
1858 1333 2140 1413 elongato
2158 1383 2175 1410 ,
2234 1332 2732 1413 depressiusculo
2792 1332 2928 1394 Sta-

170 1419 578 1499 phylinornm
629 1421 892 1482 habitum
947 1422 1272 1501 praebent,
1339 1424 1455 1490 sub
1509 1424 1757 1490 nomine
1812 1423 2329 1488 Stenostheti
2387 1421 2449 1482 in
2492 1421 2689 1500 primo
2740 1421 2927 1484 colle-

175 1511 412 1571 ctionis
477 1529 632 1572 snae
689 1509 990 1613 (Datalogo
1057 1511 1170 1574 cel.
1237 1513 1412 1576 Com.
1476 1514 1713 1590 Dejean
1782 1514 1939 1576 inter
1961 1527 1975 1534 “
2006 1511 2398 1592 staphylinos
2465 1511 2926 1574 enumeraverit.

173 1601 340 1660 Sunt
403 1600 619 1676 otiam,
683 1600 787 1681 qui
847 1599 1182 1680 Pselaphos
1242 1603 1494 1668 omniuo
1553 1602 1949 1682 Staphyliuis
1966 1601 2317 1680 adiungunt.
2408 1598 2702 1679 (Laporte
2751 1599 2939 1670 Etud„

177 1688 316 1748 Eut..
349 1707 414 1780 p.
460 1689 640 1768 137.)
697 1689 1028 1754 Abdomen
1066 1690 1183 1752 illis
1231 1702 1432 1754 mitem
1475 1692 1805 1771 segmentis
1852 1691 2272 1755 tantummodo
2302 1689 2363 1752 5
2412 1689 2833 1769 compositum,
2865 1699 2929 1753 et
3044 1713 3051 1718 ·

173 1788 434 1856 praeter
491 1778 712 1840 multas
769 1778 918 1840 alias
970 1785 1157 1845 notas
1207 1780 1538 1844 habituales
1595 1780 1927 1860 praecipue
1990 1777 2359 1843 maxillarum
2418 1778 2575 1840 mala
2622 1779 2925 1840 exteriore

177 1867 512 1928 falciformi
565 1888 604 1927 a
661 1867 1034 1946 staphylinis
1093 1868 1406 1947 differunt,
1463 1870 1614 1934 licet
1667 1870 1739 1933 iis
1796 1871 2011 1934 affines
2056 1876 2132 1930 et
2174 1867 2591 1930 Aleocbarinis
2636 1866 2924 1949 imprimis

178 1956 518 2037 propinqui
561 1957 1083 2020 videantur..

363 2045 786 2124 Scaphidia
831 2045 1040 2126 elytris
1085 2046 1446 2110 abbreviatis
1493 2054 1554 2110 et
1599 2045 1925 2118 abdomine
1968 2045 2318 2125 prominulo
2366 2063 2613 2127 quoque
2662 2045 2925 2123 Staphy-

183 2133 322 2196 liuis
364 2136 584 2198 similia
625 2135 817 2216 atque
828 2197 834 2204 ,
855 2135 1179 2202 abdomine
1221 2136 1579 2211 acuminato,
1625 2145 1943 2215 seg-mento
1992 2136 2187 2214 primo
2236 2135 2482 2209 maiore,
2532 2133 2765 2214 reliqua
2822 2153 2921 2194 re-

189 2223 450 2302 cipiente
495 2235 560 2286 et
601 2224 814 2304 elytris
859 2225 1240 2304 longioribus
1266 2225 1836 2304 Taehyporinis
1882 2224 2246 2306 quibusdam
2290 2223 2493 2300 babitu
2526 2229 2693 2284 certe
2722 2222 2921 2286 affinia

201 2323 368 2386 sunt,
425 2321 488 2374 et
535 2316 696 2394 Hyp
717 2322 1084 2394 ocyptum
1126 2314 1703 2394 longicornem
1750 2314 1927 2376 etiam
1974 2313 2233 2395 Paykull
2281 2319 2343 2375 et
2389 2309 2716 2397 Gyllenhal
2758 2311 2911 2372 inter

193 2403 512 2503 scaphidia
563 2411 926 2482 posuerunt.
1036 2404 1376 2466 Discedunt
1430 2403 1753 2482 Scaphidia
1810 2424 1846 2464 a
1901 2401 2267 2481 Staphylinis
2328 2399 2647 2460 abdomine
2709 2399 2917 2462 distin-

187 2491 340 2551 ctius
397 2493 802 2569 &annulum
861 2493 1188 2571 segmentis
1247 2492 1696 2573 superiorihis,
1750 2511 1911 2578 quae
1956 2491 2030 2557 ab
2078 2489 2289 2622 elytris
2338 2489 2715 2566 conduntur,
2761 2488 2917 2551 haud

183 2581 446 2658 corneis,
495 2583 672 2653 coxis
712 2579 986 2661 pdsticis
1005 2581 1388 2659 distantibus,
1430 2590 1550 2647 eto.

354 2671 778 2735 Nitidulae
821 2673 1042 2736 multae
1093 2672 1306 2751 elyttris
1349 2672 1538 2751 mag-is
1581 2671 1859 2735 minusve
1903 2617 2262 2734 abbrevians
2310 2674 2373 2731 et
2414 2666 2751 2757 abdominis
2782 2666 2917 2747 plu-

177 2761 346 2823 ribus
401 2762 740 2840 segmentis
795 2763 974 2823 nudis
1035 2762 1530 2841 Staphylhmrum
1587 2760 1851 2823 habitum
1918 2760 2159 2838 saepius
2224 2778 2372 2837 prae
2434 2777 2503 2819 se
2574 2750 2805 2831 ferunt,
2851 2763 2917 2817 ut

175 2868 299 2911 non
347 2850 556 2913 solum
604 2851 902 2915 Nitidulas
949 2851 1239 2932 quasdam
1281 2851 1448 2913 inter
1483 2851 1713 2915 Stenos
1760 2848 1878 2927 (St.
1922 2848 2333 2927 spissioornis,
2378 2846 2654 2921 conicuS,
2693 2845 2912 2919 Ficus)

173 2940 590 3002 collocaverit
613 2940 930 3001 Fabricius
901 2961 948 3015 s,
993 2940 1106 3003 sed
1149 2939 1590 3005 recentioribus
1637 2941 1811 3007 etiam
1858 2936 2233 3017 temporibus
2269 2938 2445 2999 Gom.
2490 2938 2754 3015 Laporte
2804 2933 2911 2995 Ni-

167 3029 506 3091 tidularum
553 3030 848 3111 quandmn
893 3032 1168 3104 formam,
1213 3031 1676 3109 staturamagis
1724 3027 2009 3109 elongata
2047 3026 2237 3105 lpum,
2275 3024 2491 3103 clyti-is
2538 3030 2737 3085 autem
2785 3022 2909 3083 for-

167 3119 310 3179 titer
367 3119 742 3184 abbreviatis
809 3119 1194 3195 instructam,
1251 3120 1498 3182 nomine
1561 3116 1853 3183 Cillaei
1910 3136 2027 3196 pro
2092 3114 2637 3177 Omalinorum
2684 3130 2909 3192 genere

167 3208 598 3286 descripserit.
686 3208 894 3284 (Etud.
939 3208 1072 3270 Eut.
1119 3226 1180 3288 p.
1232 3206 1408 3287 133.)
1499 3203 1554 3273 E
1598 3205 1967 3286 Staphylinis
2014 3204 2341 3283 praecipue
2381 3201 2727 3265 Omalini
2771 3220 2912 3260 cor-

165 3298 344 3378 poris
391 3297 602 3358 habitu
647 3305 708 3357 et
749 3298 914 3357 victu
957 3298 1232 3377 pluribus
1277 3296 1562 3361 Nitidulis
1607 3296 1823 3357 affines
1866 3294 2163 3367 videntur,
2218 3290 2545 3372 propiores
2593 3297 2795 3351 autem
2840 3289 2911 3350 iis

165 3398 314 3449 sunt
355 3404 658 3448 coxarum
705 3387 1032 3447 antimi-um
1077 3387 1422 3461 insertione,
1471 3385 1682 3449 ocellis
1712 3384 1911 3449 nullis
1934 3392 2021 3445 ,ει
2062 3381 2335 3443 antennis
2360 3380 2697 3441 distinctius
2737 3378 2911 3457 apice

165 3476 532 3537 incrassatis
563 3474 1697 3554 Proteinini,‚utMieropeplus
1744 3493 1781 3533 a
1816 3472 2120 3535 Latreillio
2146 3471 2279 3549 ipso
2310 3476 2370 3531 et
2406 3468 2703 3549 principio
2732 3468 2909 3529 Pro-

165 3568 390 3627 teinu
411 3584 446 3625 s
467 3564 756 3626 Nitidulis
781 3564 1054 3627 adiectae
1085 3564 1222 3627 sint.
1269 3563 1712 3627 Proteinns
1749 3568 1915 3623 certe
1943 3562 2021 3624 ad
2044 3560 2467 3631 Nitidularum,
2490 3556 2777 3639 imprimis
2827 3556 2903 3615 ad

163 3658 524 3716 Cel-corum
555 3654 898 3717 affinitatem
943 3654 1225 3716 distincte
1271 3672 1340 3715 se
1359 3654 1570 3732 vergit,
1587 3651 1909 3717 abdomine
1952 3650 2097 3713 licet
2140 3648 2467 3729 segmentis
2515 3668 2627 3709 sex
2656 3665 2908 3725 compo-

169 3746 318 3817 sito,
377 3757 446 3804 et
509 3744 684 3804 coxis
741 3744 1185 3821 posterioribus
1244 3740 1680 3823 approximatis
1735 3740 1809 3803 ab
1856 3740 1925 3801 iis
1974 3738 2241 3800 discedit.
2332 3737 2649 3817 Microp
2670 3756 2703 3797 e
2720 3735 2796 3815 pl
2820 3755 2855 3794 u
2875 3754 2904 3795 s

169 3844 406 3908 autem,
445 3851 830 3913 quanquam
885 3833 1232 3935 plerisque
1249 3832 1324 3893 ab
1383 3831 1733 3896 auctoribus
1790 3829 1849 3891 N
1854 3828 2071 3890 itidulis
2130 3827 2503 3906 adiungitur,
2549 3836 2751 3891 tamen
2796 3843 2904 3883 au-

169 3923 370 3985 tennis
431 3922 498 3981 in
559 3920 910 3984 scrobiculo
967 3922 1032 3983 in
1087 3921 1380 3991 inferiore
1440 3920 1706 3987 thoracis
1763 3918 1919 3981 facie
1978 3919 2095 3981 sito
2150 3916 2547 3995 recipiendis,
2611 3922 2674 3977 et
2730 3913 2903 3973 coxis

167 4010 551 4074 intermediis
607 4012 848 4073 fortiter
905 4011 1274 4075 distantibus
1352 4012 1558 4090 potius
1615 4008 1955 4071 Histeris
2022 4007 2573 4086 appropinquatur,
2636 4011 2695 4065 et
2742 4000 2903 4061 scul-

169 4113 352 4181 ptura
394 4100 578 4162 etiam
623 4102 908 4179 corporis
921 4100 1222 4183 quandem
1247 4098 1909 4178 Ontbophilorum
1956 4095 2397 4159 similitudinem
2416 4095 2471 4155 ei
2495 4092 2773 4172 praebet,
2795 4089 2903 4150 ab-

171 4190 420 4253 donn‘ne
469 4190 800 4269 segmentis
841 4210 954 4253 seut
997 4190 1344 4270 composito
1387 4197 1610 4263 autem,
1655 4194 1719 4248 et
1770 4187 1944 4249 coxis
1990 4184 2244 4265 posticis
2294 4181 2722 4263 approximatis
2768 4178 2905 4259 plu-

177 4280 462 4361 r‘dmsque
507 4278 646 4341 aliis
689 4279 858 4343 notis
895 4280 1262 4359 Staphylinie
1289 4278 1674 4357 adiungitur,
1730 4277 1877 4338 licet
1918 4274 2191 4337 antennis
2241 4271 2573 4353 capitulatis
2628 4269 2701 4331 iis
2750 4286 2901 4349 quo-

181 4368 502 4431 dammodo
565 4366 812 4429 alienus
855 4370 1114 4433 videtur.
1220 4370 1274 4429 A
1333 4366 1700 4446 Stapliylinis
1773 4365 1832 4429 N
1853 4364 2186 4431 itidulae
2251 4364 2531 4423 differunt
2584 4365 2907 4439 praeterea
2970 4398 2978 4405 -

179 4458 554 4521 miliarum
595 4458 756 4519 mula
799 4458 1410 4539 singula‚ii1ster1
1467 4455 1803 4517 abdominis
1864 4464 2196 4528 structura,
2240 4452 2318 4513 de
2378 4470 2495 4532 qua
2542 4450 2701 4511 conf.
2750 4467 2905 4531 quae

177 4546 336 4628 Klug
377 4548 588 4610 Jahrb.
634 4548 696 4609 d.
736 4548 1078 4609 insectenk.
1121 4548 1166 4609 1.
1211 4568 1273 4626 p.
1314 4545 1404 4609 84
1453 4556 1514 4609 et
1557 4545 1696 4608 Col.
1742 4544 1973 4609 March.
2019 4544 2064 4605 1.
2110 4562 2167 4621 p.
2215 4540 2345 4602 649
2390 4544 2616 4603 monui.

349 4636 860 4717 Xylopliagis
883 4639 1074 4698 Latr.
1101 4636 1394 4699 nonnulla
1418 4635 1909 4714 staphylinorum
1956 4651 2182 4711 genera
2205 4630 2365 4695 ιὶοιιι
2396 4646 2521 4691 ιιοιι
2548 4628 2763 4703 solum,
2788 4624 2901 4689 sed

181 4729 464 4809 corporis
511 4729 692 4791 esum
737 4726 952 4789 habitu
985 4726 1184 4789 affinia
1225 4734 1386 4793 sinit.
1431 4722 2361 4805 olypt0n1at1Monotomae
2406 4717 2641 4783 habitus
2690 4725 2799 4793 est,
2846 4721 2907 4775 et
