3409 5250
461 282 504 346 6
1673 282 2005 355 staphylini.

639 447 974 528 Stapbylini
1032 469 1068 510 a
1127 449 1438 512 Latreillio
1495 450 2009 531 Coleopterorum
2072 452 2328 513 sectioni
2390 451 2847 513 Pentamero
2864 471 2947 514 ru
2964 471 3023 512 m
3082 454 3187 513 ad-

467 547 888 616 numerantur,
973 547 1032 599 et
1102 559 1136 598 a
1195 541 1674 601 (iravenhorstio
1738 541 1909 602 etiam
1968 549 2213 622 praeter
2268 541 2499 620 „elytra
2560 541 2893 602 dimi‹liata”
2950 543 3187 603 tarsis

467 626 1017 689 5-articulatis
1101 649 1137 687 a
1225 629 1472 712 reliquis
1545 629 1933 710 Colcopteris
2017 630 2297 692 facillime
2378 630 2785 709 distinguendi
2852 630 3188 692 laudantur.

469 717 548 776 At
607 717 788 780 studii
843 717 1017 778 huius
1083 716 1334 779 familiae
1401 718 1603 780 cultor
1673 719 2008 795 excellenS,
2078 721 2129 782 C
2145 739 2278 783 om.
2344 719 2873 780 Mannerbeim
2936 719 3191 796 (Brach-

471 805 646 884 ulytr.
705 827 764 885 p.
825 807 916 885 5.)
977 808 1497 885 Oxytelorum
1569 815 1773 869 tarsos
1834 809 2303 871 triarticulatos
2364 827 2501 869 esse
2549 809 2911 870 observavit.
3022 811 3193 870 Hanc

471 895 851 956 Latreille
901 895 1142 976 quidem
1190 897 1695 971 observationem,
1743 919 1919 980 quam
1968 898 2367 958 difficillimam
2416 898 2617 972 habet,
2676 917 2801 958 non
2860 899 3002 960 satis
3049 917 3191 959 exa-

470 993 662 1044 uctam
709 985 896 1046 fuisse
943 985 1286 1064 suspicatus
1334 991 1457 1061 est,
1491 983 1751 1058 ¹(Nou‘v.
1810 987 2024 1048 Annal.
2069 988 2151 1048 du
2198 987 2362 1048 Mus,
2410 987 2467 1048 d.
2513 987 2646 1047 hist.
2692 997 2810 1048 nat.
2858 988 2900 1048 1.
2948 1009 3005 1066 p.
3054 985 3191 1068 79.)

471 1083 529 1132 et
575 1073 980 1157 Oxytelorum
1027 1081 1228 1138 tarsos
1273 1094 1401 1140 non
1447 1076 1603 1138 iufra
1625 1077 1662 1136 4
1701 1075 1968 1140 articulis
2016 1077 2389 1155 compositos
2439 1095 2575 1137 esse
2624 1077 2947 1151 contendit,
2970 1077 3190 1156 (Regu.

351 1203 362 1214 -
469 1163 646 1230 anim.
718 1164 812 1224 sd.
870 1165 938 1225 ll.
998 1164 1100 1225 IV.
1147 1184 1205 1242 p.
1266 1163 1480 1242 4:38.)‚
1549 1173 1806 1226 attamen
1870 1185 1945 1226 ex
2006 1167 2155 1226 meis
2222 1166 2748 1227 observationibus
2806 1185 2931 1226 non
2988 1167 3193 1227 solum

472 1254 526 1310 Ο
547 1251 814 1332 xyteli,
841 1253 951 1312 sed
991 1240 1284 1335 quaedatn
1332 1255 1508 1314 etiam
1553 1253 1672 1317 alia
1718 1273 1943 1334 genera
1989 1274 2205 1316 revera
2250 1265 2387 1316 sunt
2434 1255 2599 1315 trim
2616 1273 2649 1313 e
2666 1273 2760 1326 ra,
2806 1254 2919 1315 alia
2966 1263 3191 1316 tetra-

468 1361 526 1400 ιιι
545 1361 578 1402 e
592 1361 625 1402 r
639 1359 691 1416 a,
739 1341 853 1402 alia
900 1361 936 1424 q
955 1363 992 1402 u
1011 1361 1048 1402 o
1067 1343 1104 1402 d
1125 1362 1158 1402 a
1173 1364 1228 1403 m
1246 1364 1302 1402 m
1320 1363 1357 1404 o
1373 1342 1410 1402 d
1432 1361 1470 1404 o
1519 1343 1554 1404 h
1573 1362 1605 1403 e
1621 1351 1690 1404 te
1705 1363 1739 1402 r
1754 1363 1865 1404 om
1882 1364 1915 1404 e
1931 1363 2025 1420 ra,
2087 1353 2157 1406 ut
2200 1361 2501 1405 tarsorum
2548 1343 2935 1406 articulorum
2984 1363 3194 1405 nume-

468 1449 575 1490 rus
591 1479 608 1506 ,
669 1429 726 1490 in
775 1431 905 1491 aliis
955 1431 1224 1509 plurimis
1272 1431 1502 1492 familiis
1551 1433 2067 1515 constantissimus
2084 1482 2099 1508 ,
2146 1435 2203 1494 iu
2250 1434 2363 1494 hac
2408 1453 2487 1496 co
2535 1435 2729 1494 minus
2776 1434 3075 1510 gravioris
3120 1434 3196 1494 sit

469 1519 776 1594 momenti,
799 1540 870 1580 ac
895 1539 1120 1598 genera
1144 1519 1440 1582 simillima
1484 1531 1546 1580 et
1588 1521 1879 1600 proxima*
1894 1521 2137 1600 saepius
2160 1518 2575 1584 'articulorum
2598 1521 2903 1583 tarsalium
2932 1541 3191 1584 numero

471 1607 680 1668 differe
711 1607 1039 1671 videamus.
1109 1609 1240 1670 Plu
1259 1611 1321 1670 ri
1336 1613 1428 1670 mi
1473 1610 1807 1689 Staphylini
1855 1629 2071 1672 revera
2114 1612 2288 1672 tarsis
2338 1611 2612 1674 omnibus
2646 1611 2687 1673 5
2702 1647 2729 1657 -
2742 1619 2892 1672 arti
2908 1631 2942 1671 c
2956 1631 2993 1671 u
3013 1612 3031 1672 l
3050 1612 3192 1672 atis

471 1697 747 1759 instructi
801 1706 958 1760 sunt.
1069 1699 1351 1760 Tarsis
1423 1719 1461 1780 p
1485 1707 1652 1761 oste
1671 1699 1925 1761 riori'b
1946 1719 2029 1762 us
2102 1699 2216 1777 5„
2284 1701 2574 1762 anticis
2634 1703 2671 1762 4
2694 1699 3192 1761 -articulatis

468 1783 648 1864 plura
690 1785 784 1847 Al
807 1807 842 1848 e
861 1806 900 1848 o
919 1787 1170 1849 charin
1187 1809 1400 1850 orum
1446 1807 1674 1867 genera
1719 1787 2193 1869 distinguuntur:
2264 1790 2333 1849 M
2350 1809 2558 1868 yrme
2576 1788 2826 1864 donia,
2872 1790 2978 1850 Αιι
2996 1790 3192 1864 talia,

471 1875 524 1936 F
544 1871 868 1956 alagria,
929 1873 1443 1951 Bolitochara,
1503 1878 1696 1940 Tach
1717 1897 1926 1956 yusa‚
1984 1879 2408 1948 Homalota,
2474 1881 2717 1958 Phyto
2738 1897 2881 1954 suS,
2944 1879 3193 1958 Gyro-

469 1966 801 2044 phaena,
867 1965 1083 2026 Peliu
1105 1987 1212 2042 sa,
1272 1965 1505 2030 Placu
1527 1985 1638 2043 sa,
1685 1966 2075 2046 Euryusa,
2124 1966 2520 2044 Dinarda,'
2543 1968 3038 2042 Lomeelmsa,
3088 1969 3195 2030 Si-

467 2053 668 2130 lusa,
735 2056 884 2115 Pro
905 2073 1254 2132 nomaea,
1317 2053 1741 2134 Myllaena,
1805 2075 1959 2138 quae
2007 2057 2124 2118 hoc
2174 2053 2357 2118 modo
2407 2058 2829 2117 Heterome
2850 2075 2930 2117 ra
2976 2060 3194 2138 quasi

469 2144 488 2202 i
509 2163 546 2204 n
563 2163 650 2205 ve
666 2161 741 2204 rs
757 2164 794 2205 a
839 2145 1113 2206 vocanda
1159 2151 1315 2206 smit.
1361 2145 1648 2220 Eandem,
1675 2163 1853 2226 quam
1894 2145 1961 2206 in
1992 2143 2095 2208 'bis
2117 2145 2553 2220 AleocliariniS,
2574 2146 2963 2208 articulorum
2988 2147 3195 2225 dispo-

470 2231 750 2294 sitionem
798 2233 1192 2296 observamus
1217 2235 1296 2294 ·in
1343 2235 1414 2294 M
1427 2235 1494 2294 al
1509 2253 1542 2294 a
1561 2235 1743 2294 chiis
1790 2234 2176 2316 quibusdam,
2242 2243 2633 2296 antennarum
2648 2283 2665 2308 ,
2720 2235 2981 2298 articulis
3038 2253 3195 2296 non·-

467 2321 648 2382 nullis
707 2322 769 2382 in
815 2321 1075 2383 maribus
1123 2323 1478 2384 difformiter
1523 2323 1798 2398 dilatatis,
1848 2343 1881 2383 e
1906 2325 2124 2404 quibus
2167 2323 2413 2403 species
2462 2324 2785 2386 nonnullae
2832 2345 2869 2385 a
2914 2324 3195 2386 Fabricio

465 2411 703 2474 Pausso
751 2409 1036 2476 adiectae.
1085 2420 1144 2472 et
1190 2412 1264 2475 ad
1291 2431 1451 2497 quos
1495 2431 1721 2490 genera
1742 2414 1791 2472 L
1804 2411 1873 2471 ai
1888 2431 1927 2472 u
1944 2433 1975 2474 s
1994 2407 2227 2474 Guerin
2274 2421 2333 2476 et
2356 2415 2423 2474 M
2440 2435 2473 2474 e
2490 2435 2529 2493 g
2542 2435 2575 2474 a
2592 2414 2629 2473 d
2646 2423 2773 2474 eut
2789 2433 2917 2475 eru
2934 2433 2963 2474 s
2988 2417 3193 2481 west-

467 2499 657 2566 wood
703 2499 1024 2560 referenda
1068 2508 1223 2562 sunt.
1315 2500 1500 2579 Apud
1543 2501 1655 2562 hos
1703 2507 1903 2562 autem
1950 2502 2214 2563 maribus
2262 2503 2413 2564 solis
2462 2504 2603 2564 tarsi
2664 2503 2843 2564 antici
2905 2502 3197 2566 4-articu-

467 2589 584 2665 lati,
632 2589 889 2651 feminae
925 2587 1294 2652 5-artioulati
1340 2597 1496 2666 sunt,
1543 2591 1719 2652 sicuti
1768 2591 1927 2670 apud
1974 2589 2230 2672 Myceto
2238 2593 2467 2673 phagos
2512 2601 2715 2653 tarsos
2759 2593 2991 2655 anticos
3026 2591 3198 2654 3-ar-

469 2678 750 2740 ticulatos
799 2679 858 2738 in
904 2680 1193 2756 maribuS‚
1255 2680 1320 2740 in
1363 2680 1600 2741 feminis
1647 2700 1787 2741 cum
1832 2681 2246 2759 posticoribus
2294 2685 2333 2744 4
2368 2682 2716 2744 articulatos
2778 2700 2915 2743 esse
2963 2684 3201 2743 monuit

467 2767 700 2829 Miiller
757 2768 935 2847 (lllig.
992 2770 1158 2848 Mag.
1215 2770 1319 2831 IV.
1365 2788 1424 2848 p.
1469 2770 1682 2847 206.);
1740 2770 1801 2829 in
1858 2774 1989 2831 tota
2036 2773 2527 2851 Staphylinorum
2590 2770 2812 2831 familia
2852 2789 3003 2832 vero
3048 2775 3199 2833 tarsi

469 2856 526 2915 iu
573 2866 834 2939 utroque
883 2876 1034 2920 sexu
1083 2859 1308 2919 eodem
1354 2858 1747 2920 articulorum
1792 2878 2049 2921 numero
2098 2863 2375 2940 gaudent.
2466 2860 2647 2921 Tarsi
2664 2898 2671 2906 -
2692 2879 2911 2921 revera
2954 2862 3197 2921 hetero-

469 2946 618 3006 meri
661 2946 723 3006 in
769 2946 878 3005 bac
925 2947 1140 3007 familia
1185 2946 1458 3009 nondum
1503 2948 1915 3011 innotuerunt.
1989 2984 2067 2999 —-
2140 2952 2191 3011 T
2208 2970 2289 3011 ar
2302 2951 2366 3010 si
2428 2952 2467 3011 4
2487 2986 2513 2997 -
2528 2970 2565 3010 a
2582 2970 2613 3008 r
2626 2958 2648 3009 t
2661 2948 2681 3008 i
2696 2970 2731 3009 c
2746 2948 2820 3009 ul
2836 2948 2945 3009 ati
3006 2950 3201 3011 obve-

467 3034 638 3096 niunt
697 3035 852 3099 inter
906 3036 1352 3097 Aleocharinos
1409 3036 1470 3096 in
1533 3038 1586 3097 H
1604 3056 1799 3116 ygro
1820 3056 1913 3101 no
1932 3056 1989 3099 m
2008 3058 2097 3115 a,·
2134 3042 2189 3101 Ο
2208 3040 2259 3101 li
2280 3059 2371 3119 go
2390 3048 2487 3115 ta,
2558 3037 2794 3117 Diglo
2814 3056 2843 3097 s
2860 3056 2971 3113 sa,
3042 3038 3199 3100 inter

470 3124 938 3203 'l'acbyporinos
985 3124 1044 3185 in
1093 3126 1146 3186 Η
1165 3141 1201 3205 y
1222 3147 1258 3205 p
1277 3144 1317 3187 o
1331 3147 1366 3186 c
1381 3146 1422 3205 y
1435 3133 1568 3204 pto
1593 3136 1683 3187 ·et
1724 3128 1775 3187 'l'
1792 3147 1827 3188 a
1840 3148 1877 3187 n
1898 3148 1939 3207 g
1953 3148 1993 3207 y
2010 3149 2051 3189 n
2066 3132 2267 3206 atho,
2324 3130 2479 3191 inter
2522 3127 2809 3206 Steninos
2857 3126 2915 3187 in
2964 3126 3013 3186 E
3026 3148 3067 3187 u
3084 3148 3197 3188 ae·-

468 3214 755 3278 stheto.
832 3214 886 3275 '1'
905 3233 1032 3275 ars
1050 3216 1116 3275 is
1163 3215 1711 3279 3-articulatis
1758 3216 1899 3279 su'nt
1936 3222 2044 3278 Ox
2063 3228 2187 3297 yte
2208 3218 2341 3279 lini
2391 3216 2705 3297 genuini
2750 3226 2809 3275 et
2852 3215 3012 3277 iuter
3042 3216 3200 3278 Pro-

375 3368 384 3375 ,
467 3302 732 3370 teininos
789 3302 848 3363 G
869 3302 948 3381 ly
963 3322 1006 3382 p
1023 3313 1048 3364 t
1065 3324 1104 3364 o
1121 3306 1178 3364 ni
1193 3324 1226 3364 a
1286 3314 1348 3365 et
1402 3306 1470 3365 M
1486 3306 1508 3365 i
1523 3324 1600 3365 cr
1615 3324 1656 3365 o
1673 3326 1711 3383 p
1728 3326 1763 3365 e
1778 3305 1851 3385 pl
1870 3328 1907 3367 u
1926 3326 1955 3365 s
2014 3308 2309 3370 instructi.
2383 3321 2393 3331 ·
2424 3305 2747 3385 Systemati
2808 3304 3197 3367 Latreilliano

464 3392 620 3470 lianc
665 3392 942 3460 familiam
988 3393 1240 3455 omuino
1287 3393 1692 3459 adversariam
1742 3414 1884 3456 esse
1930 3404 2109 3475 patet.

1463 3628 1572 3687 De
1639 3624 2181 3695 affinitatibus.

645 3746 980 3808 Affinitates
1027 3748 1520 3827 Staphylinorum
1569 3772 1709 3813 cum
1756 3752 1887 3812 aliis
1935 3750 2167 3811 familiis
2213 3746 2582 3811 naturalibus
2628 3748 2831 3806 variae
2894 3756 3037 3807 sunt
3110 3758 3201 3809 at-

467 3851 587 3916 que
643 3835 1106 3918 insequentibus
1163 3841 1504 3901 accuratius
1545 3840 1959 3903 illustrandae.
2052 3838 2457 3901 Caraboru
2476 3856 2533 3896 ιιι
2580 3835 2959 3915 quorundam
3006 3836 3203 3909 (Dro-

463 3925 756 4004 miorum)
803 3926 1064 3987 babituin
1125 3928 1390 3989 offerunt
1446 3948 1673 4009 genera
1729 3930 2163 4007 Anthophagus
2222 3936 2284 3989 et
2342 3928 2635 3999 Lesteua,
2692 3932 2761 3985 ut
2814 3942 2941 3985 non
3000 3926 3203 3987 solum

465 4014 708 4094 species
756 4014 1049 4096 quaedam
1093 4036 1129 4077 a
1175 4018 1444 4085 [annaeo
1494 4018 1950 4098 Staphylini
1992 4015 2449 4078 caraboidis
2508 4014 2753 4073 nomine
2812 4013 3047 4092 sig-nata
3107 4015 3205 4091 sit,

464 4104 576 4166 sed
622 4104 833 4183 plures
881 4106 1055 4168 etiam
1104 4116 1412 4184 auctores,
1457 4108 1797 4169 Fabricius-
1821 4118 1887 4169 et
1924 4107 2131 4185 illiger
2172 4107 2323 4185 ipse,
2370 4101 2749 4164 Caraborum
2794 4104 3007 4181 generi
3038 4122 3199 4165 non-

463 4195 660 4255 nullas
705 4195 877 4257 huius
925 4196 1166 4276 generis
1214 4198 1454 4275 species
1501 4196 1955 4276 adscripserint.
2025 4194 2315 4276 Quamvis
2364 4192 2611 4253 omnino
2656 4192 2823 4253 victu
2868 4192 3203 4254 carnivoro

334 4330 347 4337 -
465 4304 600 4347 cum
649 4284 898 4349 Carabis
943 4286 1278 4366 Staphylini
1323 4287 1709 4359 conveniunt,
1734 4284 2007 4365 pluribus
2047 4285 2215 4347 notis
2258 4292 2459 4344 tamen
2504 4281 2581 4341 ab
2624 4281 2697 4341 iis
2731 4280 3200 4359 distinguuntur,

465 4384 528 4435 et
583 4384 826 4453 praeter
883 4377 1012 4438 oris
1077 4374 1393 4452 fabricam,
1463 4396 1582 4456 qua
1643 4374 1863 4435 carabi
1922 4373 1997 4433 ab
2046 4372 2325 4435 omnibus
2368 4370 2761 4449 Goleopoeris
2804 4370 3201 4431 terrestribus

465 4462 610 4525 satis
675 4464 918 4540 distant,
985 4480 1226 4546 genera
1273 4464 1380 4525 illa
1451 4462 1788 4526 abdominis
1848 4468 2154 4524 structura
2220 4480 2420 4541 supra-
2462 4464 2823 4532 memorata,
2892 4476 3009 4518 nec
3068 4478 3201 4521 non

463 4554 663 4620 fronte
734 4556 950 4617 ocellis
1009 4554 1251 4617 duobus
1327 4554 1620 4615 instructa
1693 4551 2089 4633 plurimisque
2158 4549 2491 4613 levioribus
2568 4547 2730 4609 notis
2796 4545 3199 4611 habitualibus

461 4644 808 4815 ‹lmen-uguitip
825 4734 938 4796 his
985 4728 1322 4813 staphylini
1366 4748 1600 4793 summa
1644 4729 1931 4793 affinitate
1990 4728 2384 4807 iunguuntur,
2452 4732 2521 4789 ut
2580 4722 2755 4788 facile
2805 4742 2921 4804 pro
2970 4723 3197 4805 Silphis
