3409 5250
575 329 663 393 7⁰
1227 261 1278 311 '⁸
1437 297 1444 304 ’
1742 321 2116 380 Aleocharini.

2924 407 2939 438 l

574 517 694 580 que
741 465 1128 577 emarginata,
1145 531 1150 536 ·
1165 452 1304 558 sinu
1349 492 1601 574 spinulis
1647 493 1931 556 brevibus
1979 493 2197 556 ciliato.
2286 483 2457 572 Palpi
2486 489 2828 553 maxillares
2859 490 3103 555 modice
3128 491 3303 554 elon-

573 586 723 666 gati,
781 585 1036 648 articulo
1084 585 1359 647 secundo
1404 585 1706 665 tertioque
1753 583 2127 664 longitudine
2186 580 2567 663 aequalibus»,
2621 581 2743 642 hoc
2798 580 3012 642 leviter
3070 582 3305 642 incras-

465 721 472 727 -
575 686 730 753 sain,
792 681 1008 772 quarto
1054 675 1320 752 minuto,
1383 673 1686 736 subulato.
1775 671 2026 735 Labium
2072 669 2143 749 (t.
2186 673 2285 734 111.
2332 671 2371 732 f.
2421 671 2511 748 7.)
2568 669 2785 746 breve,
2852 679 3057 732 mento
3104 678 3302 732 trans-

575 785 778 840 verse,
826 765 996 845 apice
1041 763 1255 826 leviter
1302 762 1702 842 emarginatO,
1759 762 1947 842 ligula
1988 762 2191 837 brein,
2252 759 2574 840 palporum
2636 759 2937 822 labialium
2982 760 3305 822 articulum

572 855 834 935 primum
874 853 1035 916 haud
1083 853 1435 930 excedente,
1483 851 1678 929 bifida,
1725 849 2097 932 paraglossis
2146 848 2457 918 obsoletiS.
2549 847 2719 930 Palpi
2774 849 3021 910 labiales
3078 847 3303 910 triarii-

574 942 772 1020 culafi,
817 942 1073 1006 articulo
1119 943 1396 1005 secundo
1443 941 1638 1022 primo
1685 941 1938 1018 minore,
1983 939 2163 1001 tertio
2208 939 2329 1000 hoc
2374 937 2649 1001 tenuiore
2684 945 2747 1000 at
2776 937 2959 1018 paulo
2996 938 3300 1017 longiore.

574 1031 892 1094 Antennae
935 1031 1264 1112 longioreS,
1311 1031 1584 1112 gracileS,
1629 1030 1895 1114 articulis
1940 1029 2131 1091 tribus
2172 1027 2385 1108 primis
2418 1026 2619 1108 ,magis
2668 1027 2981 1109 elongatiS,
3024 1027 3187 1089 inter
3232 1045 3301 1087 se

539 1121 948 1200 .longitudine
973 1119 1340 1202 aequalibuS,
1385 1120 1582 1201 primo
1624 1119 1954 1182 crassiore.
2030 1119 2276 1179 Thorax
2322 1115 2691 1196 coleopteris
2738 1116 2923 1198 paulo
2971 1115 3301 1196 angustior.

574 1209 910 1273 Scutellum
955 1210 1334 1290 triangulare.
1425 1209 1634 1288 Elytra
1679 1205 1871 1288 apice'
1898 1209 2225 1270 introrsum
2272 1205 2515 1287 oblique
2539 1213 2851 1283 *truncatg
2896 1205 2975 1265 ud
3018 1203 3303 1285 angulum

575 1299 944 1362 exteriorem
989 1299 1237 1361 sinuata.
1327 1298 1674 1360 Abdomen=
1695 1315 1885 1379 supra
1924 1294 2395 1378 planius-culum,
2456 1294 2669 1356 subtus
2716 1313 3089 1366 convexum,
3148 1294 3299 1355 vivis

575 1407 764 1468 saepe
811 1388 1125 1450 elevatum.
1219 1388 1420 1450 Pedes
1467 1387 1745 1467 elongati,
1792 1385 2065 1466 graciles»,
2109 1383 2448 1448 intermedii
2494 1384 2622 1445 basi
2661 1382 3079 1465 approxima,
3122 1383 3299 1444 tarsis

575 1477 786 1540 amicis
833 1481 922 1554 4-‚
967 1476 1414 1557 posterioribus
1463 1476 1882 1555 5-articulatiS,
1928 1476 2019 1537 his
2064 1474 2395 1555 elongatis,
2454 1473 2719 1538 articulis
2766 1474 2808 1537 4
2852 1471 3061 1556 primis
3106 1471 3299 1552 longi-

577 1567 782 1641 tudine
829 1567 1346 1630 decrescentibus.

1487 1704 2385 1762 Observationes.

724 1815 773 1867 1.
845 1813 1113 1870 Maxillae
1151 1812 1377 1869 omnino
1413 1818 1479 1868 ut
1511 1812 1570 1884 in
1605 1813 1907 1868 Homalota
1941 1813 2003 1881 (t.
2040 1815 2125 1868 111.
2164 1813 2199 1867 f.
2231 1807 2359 1880 22).
2430 1805 2623 1882 Ligula
2658 1809 2782 1866 sere
2818 1817 2883 1868 ut
2915 1809 2974 1866 in
3010 1809 3301 1880 Calodera,

576 1894 637 1939 at
671 1886 1034 1958 paraglossae
1073 1886 1232 1940 valde
1272 1884 1584 1952 obsoletae,
1623 1885 1845 1941 nonnisi
1870 1883 2073 1956 angulo
2110 1879 2429 1957 prominulo
2466 1881 2761 1937 indicatae.

717 1977 773 2029 2.
844 1975 1050 2030 Habitu
1107 1973 1304 2047 gracili
1353 1975 1684 2046 Tachyusae
1732 1974 1779 2028 C
1788 1972 1857 2028 al
1873 1989 1907 2027 o
1926 1973 1959 2028 d
1976 1989 2010 2026 e
2022 1971 2126 2028 ris
2188 1977 2251 2027 et
2309 1971 2633 2043 quibusdam
2682 1971 2735 2025 H
2748 1988 2783 2026 o
2798 1987 2853 2025 m
2865 1969 2974 2027 alo
2986 1969 3041 2027 ti
3056 1989 3087 2028 s
3150 1970 3301 2026 simi-
3385 1981 3386 1990 ³

575 2043 690 2110 les,
709 2114 721 2127 .
744 2046 815 2099 ab
863 2046 977 2101 illis
1023 2047 1284 2130 antennis
1324 2046 1725 2130 ‘gracilioribus
1781 2051 1849 2128 et·
1890 2043 2066 2127 tarsis·
2112 2042 2325 2126 andeis·
2358 2041 2729 2098 4-articulatis
2743 2085 2758 2109 ‚
2803 2044 2889 2126 ‘ab‘
2930 2043 3017 2098 his
3070 2043 3304 2116 pedibus

576 2130 754 2241 {1311
793 2117 1070 2189 elongatis
1107 2125 1170 2172 et
1201 2126 1369 2173 tarsis
1413 2125 1651 2190 posticis
1700 2117 1883 2189 longis
1896 2157 1911 2182 ,
1960 2115 2199 2171 articulo
2240 2130 2422 2187 primo
2462 2114 2724 2197 elongato
2764 2115 3190 2187 distinguuntur.
3260 2118 3303 2169 A

715 2189 987 2259 agriis„
1019 2190 1342 2260 quibuscum
1375 2189 1566 2246 habitu
1603 2196 1664 2244 et
1695 2195 1976 2244 tarsorum
2012 2193 2296 2244 structura
2332 2191 2695 2252 conveniunt,
2748 2185 3092 2258 paraglessis
3139 2187 3303 2242 obso-
3385 2185 3386 2222 ff

489 2311 496 2320 ,
575 2257 727 2323 letis,
767 2261 924 2314 coxis
959 2260 1309 2316 intermediis
1345 2262 1521 2334 magis
1557 2259 1963 2333 approximatis
2000 2263 2059 2314 et
2095 2259 2281 2332 capite
2317 2259 2496 2314 minus
2534 2263 2755 2312 remoto
2796 2257 3071 2313 differunt.

719 2349 772 2404 3.
841 2349 1132 2405 Abdomen
1167 2351 1226 2405 in
1262 2351 1372 2406 hoc
1409 2366 1620 2422 genere
1657 2348 1881 2419 saepius
1914 2347 2132 2419 insigne
2169 2347 2474 2419 segmentis
2510 2345 2907 2418 inaequalibus.
2934 2345 3307 2414 anterioribus

577 2417 954 2490 longioribus:
995 2421 1080 2476 his
1118 2421 1451 2494 plerumque
1487 2422 1765 2476 abdomen
1798 2417 1924 2473 basi
1957 2419 2133 2491 magis
2170 2419 2422 2473 minusve
2459 2424 2819 2473 coarctatum.
2882 2417 3019 2472 Aliis
3056 2419 3303 2473 abdomi-

577 2489 665 2544 nis
713 2498 1005 2562 segmenta
1053 2493 1430 2565 magnitudine
1483 2491 1751 2561 aequalia.
1824 2491 1998 2544 Forte
2044 2490 2102 2545 in
2152 2490 2431 2563 posticum
2448 2531 2462 2556 ,
2534 2490 2630 2544 ubi
2676 2489 2995 2560 specierum
3046 2505 3303 2544 numerus

579 2560 718 2616 satis
756 2561 1012 2628 increvit,
1047 2564 1152 2620 hac
1189 2570 1324 2619 nota
1359 2565 1430 2617 ad
1465 2563 1753 2618 sec-tiones
1786 2561 1847 2616 in
1883 2560 1993 2615 hoc
2030 2577 2241 2635 genere
2274 2561 2641 2616 instituendas
2676 2561 2941 2627 utendum
2996 2561 3133 2626 erit,
3191 2561 3301 2644 qui-

580 2633 702 2697 bus,
744 2634 1044 2707 speciebus
1078 2636 1190 2691 iarn
1229 2635 1470 2718 cognitis
1505 2652 1706 2707 parum
1745 2634 2089 2701 numerosis,
2142 2634 2387 2689 nondum
2434 2649 2575 2717 opus
2622 2650 2750 2689 esse
2786 2634 3021 2689 videtur.
3092 2634 3303 2689 Nihilo-

578 2704 762 2761 minus
799 2707 1024 2779 species
1060 2706 1371 2762 abdominis
1409 2707 1714 2779 segmentis
1749 2706 2136 2776 inaequalibus
2175 2713 2235 2760 et
2268 2706 2591 2776 aequalibus
2627 2705 2774 2761 baud
2810 2705 3155 2760 commiscui.

721 2796 774 2849 4.
846 2796 1066 2851 Nom‘en
1103 2796 1339 2851 lschno
1405 2796 1536 2851 oda
1572 2794 1854 2868 Stephens
1903 2793 2133 2860 (Illustr.
2166 2794 2231 2849 V.
2269 2812 2327 2866 p.
2366 2798 2513 2857 430.)
2558 2792 2755 2849 tribuit
2786 2793 3116 2849 Aleocharis
3151 2793 3305 2867 pedi·
3385 2750 3386 2793 5

581 2864 684 2919 bus
721 2864 1022 2950 elongatis:
1063 2868 1287 2939 species
1325 2884 1358 2922 a
1432 2884 1502 2951 ep
1541 2870 1902 2949 enumeratae
1926 2866 2142 2993 tpisartim
2179 2866 2250 2921 ad
2286 2866 2412 2931 boc,
2448 2865 2656 2937 partim
2674 2864 2745 2920 ad
2800 2866 3115 2949 raecedens
3136 2882 3308 2949 genus

581 2943 876 3007 pertinere
911 2940 1185 2995 videntur.
1267 2940 1482 3007 Quodsi
1517 2955 1700 3010 neque
1739 2945 1875 2993 satis
2008 2944 2275 3003 tinctum,
2324 2953 2510 3008 neque
2554 2936 2707 2993 nulla
2793 2944 3139 3010 escripuone
3184 2937 3307 2994 inu-

583 3013 818 3063 stratum
863 3007 1086 3066 invenio
1133 3011 1284 3067 istud
1331 3027 1534 3084 genus,
1585 3026 1795 3065 nomen
1844 3008 2073 3065 citatum
2121 3009 2346 3065 omnino
2408 3008 2802 3081 negligendum
2864 3024 2993 3063 esse
3049 3026 3166 3065 non
3216 3010 3308 3065 du·
3385 3016 3386 3029 ³

582 3078 769 3135 bitavi.

725 3172 775 3224 5.
853 3172 1032 3226 Sexus
1071 3172 1430 3239 differentias,
1469 3170 1518 3226 si
1555 3186 1690 3251 quas
1729 3168 2040 3236 observavi,
2076 3168 2225 3240 apud
2260 3167 2506 3241 singulas
2542 3166 2767 3241 species
2804 3166 3007 3224 notavi.

723 3259 776 3313 6.
849 3258 1042 3315 Victus
1079 3260 1366 3331 plerisque
1402 3259 1462 3314 in
1506 3258 1663 3331 ripis.
1734 3256 2047 3314 Nonnullae
2099 3258 2195 3327 (Τ.
2236 3256 2543 3313 constricta
2580 3264 2643 3311 et
2676 3255 2989 3321 coarctata)
3037 3256 3097 3313 in
3143 3274 3311 3314 arena
3385 3276 3386 3281 ¹

583 3326 806 3455 guipida
841 3330 1062 3458 rfilpariat
1086 3348 1300 3388 summa
1335 3330 1584 3403 agilitate
1621 3330 2132 3402 circumvaguntur,
2181 3334 2243 3385 et
2288 3329 2526 3386 territae
2562 3328 2859 3385 abdomine
2896 3329 3119 3389 elevato
3154 3332 3309 3389 velo-

619 3416 666 3454 1s
697 3416 812 3455 ime
907 3420 1038 3475 giun
1065 3442 1080 3457 .
1605 3418 1618 3428 ·

585 3561 627 3598 ⁴¹¹
669 3563 730 3623 l.
802 3562 878 3617 Τ.
921 3569 1392 3621 constricta.-
1463 3560 1686 3632 Piceo,
1736 3561 2040 3620 subtiliter
2066 3560 2424 3640 pubescens,
2478 3564 2759 3619 ammio
2789 3557 3169 3641 pedibu-nque
3208 3582 3311 3619 ru-

781 3641 1207 3796 ξὶ,ιί’ἱ1ιοναοο
1259 3640 1586 3716 subovato,
1653 3638 1968 3701 abdomine
2032 3640 2166 3701 baec·
2206 3640 2481 3721 fortiter
2538 3647 2891 3722 unguntum.
2956 3670 3037 3688 —
3102 3642 3309 3721 Long.

656 3837 754 3890 Er.
799 3838 907 3890 001.
944 3838 1154 3891 Mar-cla.
1191 3840 1238 3892 1.
1276 3838 1400 3893 307.
1440 3838 1488 3893 l·

765 3945 1002 4009 Habitat
1044 3946 1108 4007 in
1153 3946 1493 4024 Germania,
1542 3944 1759 4008 Gallia.

767 4052 1014 4132 Corpu's
1063 4052 1276 4115 eximie
1323 4052 1564 4134 gracile,
1608 4052 2073 4132 nigro-piceum,
2128 4049 2460 4126 nitidulum,
2516 4046 2905 4111 subtilissime
2949 4055 3313 4128 punctatum,
3385 4094 3386 4097 η

588 4141 941 4203 tenuissime
989 4142 1592 4235 griseo-pubescens,
1683 4142 2001 4202 Antennae
2064 4140 2271 4221 capitis
2330 4138 2713 4219 thoracisque
2758 4136 3168 4218 longitudine,
3230 4147 3315 4198 te·
3385 4172 3386 4177 κ

591 4239 850 4307 staceae,
898 4232 1133 4311 apicem
1179 4248 1395 4293 versus
1443 4232 1657 4292 leviter
1700 4230 2089 4307 incrassatae,
2144 4229 2374 4309 piceae.
2468 4229 2666 4307 Caput
2706 4226 3127 4305 rotundatum,
3192 4226 3315 4287 basi

591 4322 894 4399 profunde
943 4320 1350 4383 constrictum.
1443 4320 1688 4381 Thorax
1733 4318 2113 4398 longitudine
2151 4318 2256 4379 vix
2300 4317 2628 4398 angustior,
2672 4315 2962 4379 lateribus
3006 4322 3147 4377 ante
3194 4335 3313 4377 me-

593 4408 758 4469 dium
803 4430 940 4471 cum
985 4410 1219 4489 angulis
1268 4409 1669 4471 anterioribus
1718 4407 2110 4484 rotundatus,
2168 4405 2342 4468 basin
2398 4424 2618 4469 versus
2678 4406 2896 4483 leviter
2950 4414 3313 4485 angustatus

595 4499 1124 4576 com-exiusculuS,
1184 4498 1386 4561 medio
1435 4497 1905 4577 subdepressus.
1998 4495 2374 4575 Coleoptera
2414 4496 2661 4558 thorace
2701 4494 2887 4575 paulo
2930 4494 3219 4575 longiora
3262 4502 3317 4553 et

591 4584 823 4665 latiora,
867 4587 1157 4649 lateribus
1205 4587 1658 4663 subrotundata,
1700 4584 1918 4646 leviter
1962 4604 2253 4661 convexa,
2284 4585 2472 4667 apice
2518 4585 2693 4647 simul
2742 4583 3128 4665 emarginata.
3198 4580 3313 4644 Ab·
3385 4622 3386 4625 κ

595 4675 823 4737 domen
867 4677 1239 4755 elongatum,
1295 4676 1426 4739 basi
1472 4674 1844 4755 coleopteris
1892 4674 2081 4754 duplo
2126 4674 2437 4756 angustius
2452 4722 2469 4753 ‚
2532 4675 2765 4756 apicem
2822 4690 3044 4737 versus
3101 4674 3315 4736 sensim

594 4762 791 4844 latiuS,
836 4764 1014 4847 apice
1061 4765 1432 4848 coleopteris
1476 4763 1786 4830 latitudine
1832 4762 2217 4849 subaequale,
2276 4764 2604 4845 segmentis
2648 4762 3063 4849 inaequalibus
3080 4810 3097 4841 ,
3154 4770 3313 4827 ante·
