3409 5250
559 283 628 331 Vl

562 431 832 514 turalcs,
855 423 1296 494 artificialibus
1330 421 1706 490 artificiales
1743 423 2075 490 sectiones
2110 419 2539 492 definiunture
2588 424 3007 494 characteres
3042 433 3261 493 autem
3346 428 3351 436 “
3400 421 3402 430 ’

562 537 820 624 quinam
865 534 1198 600 naturales
1243 537 1312 596 et
1357 531 1614 616 quinam
1661 531 2040 598 artificiales
2083 531 2237 614 sint,
2264 552 2389 596 non
2435 524 2749 600 subitaria
2795 535 3258 601 observatione

555 643 679 711 sed
705 644 925 708 intimo
953 639 1167 706 studio
1215 638 1715 724 perspiciuntur,
1762 639 2143 724 praesertim
2188 658 2330 705 cum
2378 659 2580 726 saepe
2612 639 2904 726 accidat,
2952 647 3023 706 ut
3068 647 3263 704 notas

559 741 852 830 easdem,
877 747 1112 832 quibus
1156 745 1221 810 in
1267 746 1438 812 aliis„
1461 743 1890 810 divisionibus
1935 743 2448 826 determinandis
2492 748 2729 813 utimur
2774 747 2977 813 certis
3016 753 3085 812 et
3110 753 3264 810 sta-

555 857 816 942 bilibus,
862 854 927 918 in
974 851 1440 918 aliisaesallaces
1485 852 1740 916 omnino
1784 859 1855 916 et
1898 852 2251 918 variabiles
2297 853 2727 942 reperiamus,
2783 859 2853 919 et
2898 871 2981 918 ne
3024 853 3265 939 proxi*

560 981 702 1030 mae
749 959 1012 1046 quidem
1057 959 1120 1023 in
1168 956 1550 1043 quibusdam
1601 957 1965 1044 generibus
2025 957 2293 1044 species
2353 977 2573 1024 earum
2635 961 2807 1027 inter
2864 979 2942 1026 se
3002 963 3263 1024 conve-

555 1071 747 1136 niant·
777 1067 1051 1154 partium
1096 1070 1458 1150 structura,
1505 1081 1674 1148 quae
1722 1065 1784 1128 in
1832 1065 1979 1130 aliis
2024 1070 2401 1133 constantes
2462 1068 2775 1160 praebent
2832 1066 3259 1132 differentias.

410 1151 422 1162 ⁶
555 1175 682 1257 Qui
741 1173 971 1241 iisdem
1032 1170 1434 1238 sectionibus
1490 1169 1895 1236 naturalibus
1954 1170 2233 1236 omnium
2302 1173 2579 1256 partium
2640 1180 3027 1239 structuram
3088 1193 3261 1237 ean·

438 1303 446 1310 ·
555 1286 704 1372 dem
749 1299 906 1348 esse
955 1279 1201 1364 volunt,
1247 1294 1372 1342 non
1421 1274 1676 1366 rigidas
1720 1275 1975 1364 figuras
2030 1277 2471 1362 geometricas
2514 1297 2634 1342 nos
2682 1285 2965 1346 tractrae
3009 1279 3258 1344 oblivi-

515 1395 860 1471 -scuntur,
905 1383 1029 1450 sed
1089 1402 1360 1470 corpora
1401 1381 1801 1468 animalium,
1858 1400 2029 1468 quae
2072 1383 2241 1449 alma
2287 1391 2519 1452 natura
2562 1385 2647 1452 ad
2696 1387 2893 1452 vitam
2936 1405 3257 1472 procrea-

552 1497 652 1562 vit
694 1502 764 1561 et
806 1491 1250 1558 conformavit.
1325 1523 1332 1536 ·
2924 1577 2929 1588 .

727 1598 1081 1690 ¹Sectiones
1125 1595 1317 1662 huius
1363 1595 1646 1662 familiae
1687 1595 2087 1684 principales
2129 1615 2170 1662 a
2215 1597 2553 1664 Latreillio
2616 1596 2913 1666 conditas
2972 1617 3237 1668 conser-

551 1727 712 1777 vare
763 1725 891 1772 non
936 1704 1147 1792 potui,
1207 1703 1449 1788 quippe
1496 1721 1660 1788 quas
1705 1720 1835 1769 non
1877 1703 2085 1770 solum
2135 1703 2350 1790 magis
2394 1705 2768 1773 artificiales
2813 1725 3004 1792 quam
3050 1715 3247 1777 natu-

399 1791 448 1882 ’.
551 1817 763 1900 rales,
843 1803 964 1878 sed
1045 1809 1502 1879 vacillantibus
1583 1808 1781 1875 etiam
1840 1808 2013 1875 notis
2082 1809 2607 1896 circumscriptas
2675 1814 2913 1899 reperi.
3057 1813 3251 1880 Nova

549 1905 980 2008 dispositione
1038 1936 1198 1984 usus
1255 1917 1466 1985 tribus
1523 1921 1596 1981 et
1646 1913 1987 1982 subtribns
2032 1917 2374 2004 proposui,
2436 1937 2705 2004 quarum
2748 1920 3065 2006 plurimae
3090 1910 3248 2008 'ge-

549 2029 818 2096 neribus
875 2021 1498 2090 Gravenborstianis
1555 2021 1992 2108 respondent,
2058 2029 2129 2088 et
2184 2040 2351 2109 quas
2414 2043 2735 2112 generum
2795 2027 3245 2113 primariorum

543 2134 914 2204 nominibus
971 2129 1348 2219 designavi.
1435 2126 1816 2215 staphylini
1872 2127 2147 2218 genuini
2204 2135 2387 2196 certe
2433 2129 2625 2196 huius
2668 2131 2952 2200 familiae
2996 2135 3249 2221 princi-

545 2263 668 2330 pes
711 2247 900 2320 sunt,
957 2245 1027 2305 et
1069 2235 1458 2324 principium
1503 2235 1906 2318 tenuissent,
1950 2233 2079 2300 nisi
2122 2237 2205 2302 ab
2253 2233 3240 2319 Aleocharinis.adscendendo,

545 2359 614 2416 et
669 2347 754 2415 ad
823 2340 1158 2411 Onalinos
1221 2350 1291 2408 et
1355 2341 1769 2406 Proteiuinos
1838 2337 2303 2406 descendendo
2368 2345 2645 2410 tribuum
2702 2345 2862 2408 ordo
2920 2347 3246 2412 naturalis

541 2456 754 2520 minus
813 2453 1212 2535 interruptus
1265 2466 1420 2514 esse
1477 2445 1802 2534 videatur.
1890 2445 2038 2508 Nou
2096 2464 2321 2512 omnes
2380 2448 2550 2512 enim
2598 2454 2829 2519 natura
2874 2449 3242 2516 divisiones

540 2563 812 2629 alteram
859 2556 1048 2622 alteri
1093 2552 1450 2637 subiunxit,
1493 2550 1620 2618 sed
1663 2548 1974 2637 plurimas
2020 2551 2203 2619 iuxta
2248 2554 2482 2641 posuit,
2528 2570 2753 2618 omnes
2798 2561 3011 2624 autem
3054 2561 3241 2622 vario

541 2668 872 2735 intricavit
913 2662 1292 2729 affinitatum
1341 2679 1550 2725 nexu:
1597 2658 1771 2724 unde
1814 2677 1961 2726 cum
2008 2678 2133 2739 nou
2193 2660 2543 2747 possimus,
2601 2663 2755 2746 quin
2816 2662 2883 2728 in
2942 2666 3237 2751 corpori-

541 2780 667 2843 bus
715 2771 1120 2841 naturalibus
1165 2766 1628 2834 enumerandis
1673 2773 1743 2831 et
1788 2758 2241 2831 describendis
2282 2767 2523 2833 seriem
2568 2768 2925 2853 simplicem
2956 2773 3229 2839 evolva-

457 2960 470 2975 ,
540 2903 706 2968 mus,
753 2880 910 2945 ordo
943 2876 1200 2943 omnino
1247 2874 1562 2941 naturalis
1607 2870 1851 2937 nostris
1894 2871 1963 2937 in
2008 2872 2193 2939 libris
2236 2874 2545 2943 constitui
2588 2876 2835 2961 nequit.

715 2986 986 3053 Genera
1037 3002 1210 3051 nova
1265 2998 1476 3069 panca
1531 2977 1791 3061 addidi,
1858 2978 2057 3045 multa
2114 2998 2157 3046 a
2217 2978 2423 3062 variis
2484 2981 2857 3049 auctoribus
2900 2985 3234 3070 proposita

537 3093 914 3195 suppressi.
977 3092 1232 3177 reliqua
1289 3086 1552 3175 recepi,
1609 3085 1824 3153 omnia
1866 3087 2259 3170 scrupulose
2302 3088 2709 3175 examinavi,
2722 3094 2837 3155 et
2880 3076 3233 3176 speciebus

535 3206 688 3270 inihi
747 3198 1036 3288 cognitis
1083 3196 1338 3263 cunctis
1397 3185 1725 3279 respectis
1780 3192 2140 3279 descripsi,
2208 3210 2290 3259 ne
2348 3197 2575 3281 specie
2620 3196 2889 3284 singula
2933 3216 3051 3282 pro
3094 3218 3233 3287 ge-

535 3312 715 3377 neris
771 3319 928 3395 typo
989 3324 1147 3372 usus
1205 3304 1656 3371 characteres
1687 3295 2067 3384 adhibeam,
2134 3300 2243 3387 qni
2317 3302 2589 3387 reliquis
2658 3320 2785 3367 non
2842 3314 3229 3393 congruant.

531 3416 820 3502 Saepius
875 3422 1298 3481 antennarum
1345 3408 1642 3493 formam,
1690 3408 2000 3493 imprimis
2044 3406 2457 3473 articulorum
2500 3408 3013 3493 prsportionem,
3060 3428 3231 3475 non-

531 3542 860 3609 nunquam
919 3520 1256 3608 palporum
1319 3516 1513 3581 etiam
1559 3521 1629 3578 et
1670 3514 1909 3601 pedum
1954 3520 2342 3580 structuram
2389 3513 2636 3579 variam
2682 3513 2749 3577 in
2792 3513 2998 3579 variis
3042 3515 3230 3581 eius-

529 3632 676 3696 dem
729 3627 1004 3715 generis
1047 3622 1400 3712 speciebus
1443 3620 1694 3705 reperi,
1750 3626 1821 3687 et
1862 3619 2078 3706 potius
2120 3618 2291 3685 inter
2336 3620 2583 3704 speciei
2629 3636 2818 3705 quam
2862 3621 3037 3687 inter
3089 3640 3229 3711 ge-

528 3738 710 3803 neris
763 3740 952 3801 notas
1011 3729 1338 3799 recensui.
1469 3724 1627 3793 Oris
1685 3734 2077 3792 structuram
2142 3725 2301 3792 licet
2352 3743 2825 3812 saepenumero
2882 3746 3010 3794 non
3071 3730 3223 3799 sine

526 3842 904 3911 difficultate
948 3834 1470 3926 perspiciendam
1511 3850 1703 3920 quam
1744 3831 2035 3920 plurimis
2078 3832 2143 3897 in
2190 3831 2541 3918 speciebus
2576 3832 3023 3921 inquirendam
3048 3852 3227 3901 nun-

522 3970 714 4037 quam
733 3946 1035 4033 neglexi,
1079 3949 1150 4011 et
1176 3950 1416 4029 ,partes
1451 3940 1594 4007 eius
1626 3937 1974 4004 interiores
2014 3940 2295 4005 omnium
2340 3939 2483 4005 fere
2512 3956 2833 4027 generum
2862 3939 3222 4031 delineavi,

523 4076 652 4145 quo
707 4054 966 4122 facilius
1023 4049 1464 4131 differentiae,
1526 4064 1695 4133 qnae
1740 4043 2119 4131 plerumque
2166 4051 2272 4111 sat
2316 4045 2623 4133 insignes
2664 4052 2735 4113 et
2777 4064 3040 4134 semper
3081 4068 3221 4116 ma-

520 4165 648 4252 gni
701 4158 1004 4231 momenti
1063 4164 1238 4237 sunt,
1273 4156 1887 4244 recognoscantur.
1974 4148 2567 4221 observationibus
2640 4150 2747 4219 his
2796 4151 3218 4223 instituendis

517 4270 921 4357 microscopii
965 4264 1306 4353 compositi
1349 4263 1476 4329 mei
1495 4257 1881 4328 Schiekiani
1924 4256 2254 4330 lenticulis
2296 4258 2809 4348 magnitudinem
2846 4254 3217 4330 naturalem

518 4378 769 4445 centies
813 4374 1213 4463 augentibus
1257 4388 1420 4438 usus
1463 4388 1630 4435 sum.

693 4479 1166 4550 Describendis
1217 4476 1570 4565 speciebus
1625 4472 1694 4539 id
1756 4471 2107 4561 praecipue
2164 4470 2499 4561 agendum
2560 4490 2717 4541 esse
2774 4472 3055 4539 arbitror
3071 4520 3091 4561 ,
3138 4481 3215 4543 nt

510 4596 707 4658 notae
763 4589 1298 4672 differentiaeque
1353 4581 1684 4673 speciales
1738 4581 1988 4649 auctori
2043 4585 2433 4667 perspectae
2500 4580 2665 4668 sint,
2734 4587 2807 4646 ut
2858 4600 2901 4646 a
2956 4579 3209 4647 lectore

503 4696 985 4785 percipianture
1053 4692 1206 4761 novi
1265 4692 1438 4760 enim
1498 4688 2013 4777 descriptiones,
2078 4704 2249 4775 quae
2311 4686 2947 4757 verbis-uberrimae
2992 4688 3207 4755 omnia
