3409 5250
1241 295 1472 354 Distrib.
1509 297 1821 374 geograph.
2734 346 2739 352 .
2812 299 2902 366 21

161 467 312 530 ricae
355 465 788 530 meridionalis
836 463 912 529 ab
947 467 1020 530 iis
1051 465 1366 540 Amerieae
1399 469 1890 550 septentrionalis
1914 469 2227 533 distinctae
2252 470 2387 533 sint.
2430 469 2717 552 Speciem
2738 489 2892 534 non-

163 559 269 618 nisi
313 556 624 637 singulam
673 557 837 633 novi,
865 577 1022 640 quae
1055 563 1242 620 totam
1262 559 1600 622 Americam
1647 561 1913 622 habitare
1946 559 2211 622 videtur:
2264 561 2659 640 Oxytelus
2706 561 2889 622 insi-

163 647 418 728 gnitus
479 650 600 726 (Ο.
649 646 1050 710 Americanus
1106 649 1292 728 Dej.),
1340 646 1404 710 ‘et
1445 668 1678 729 paucae
1725 657 1867 711 sunt
1910 669 1989 712 ex
2034 649 2138 726 iis,
2200 669 2357 730 quae
2402 649 2741 712 Americam
2790 671 2889 711 se-

153 735 630 816 ptentrionalem
685 736 988 813 incolunt,
1059 757 1216 820 quae
1271 737 1431 800 ultra
1491 739 1620 802 eius
1679 739 1861 814 fines,
1926 739 2081 803 sicut
2140 739 2386 819 Stapb.
2434 739 2778 802 villosus
2824 740 2885 800 iu

155 827 412 888 Mexico
465 845 720 908 quoque
767 833 832 887 et
873 827 934 887 in
981 825 1156 888 Cuba'
1217 827 1434 889 obvius
1495 835 1620 904 est,
1689 830 1785 889 vel
1848 828 2005 890 ultra
2052 847 2219 889 mare
2280 828 2663 904 Aufillenum,
2730 828 2886 890 sicut

151 916 648 978 Belonuchus
696 915 1097 977 formosus
1145 917 1377 997 (Staph.
1423 918 1759 997 rufipennis
1804 918 1986 998 Fab.)
2031 919 2379 997 anennam
2426 926 2488 980 et
2508 918 2887 979 Columbiam

145 1005 392 1078 habitat,
437 1005 762 1084 indigenae
807 1005 1226 1068 observantur.
1435 1027 1440 1034 ·

333 1097 414 1156 Ut
461 1113 498 1154 e
543 1093 796 1184 reliquis
839 1093 1086 1156 insectis
1132 1096 1366 1160 formae
1419 1095 1684 1158 maiores
1740 1095 2077 1158 secundum
2120 1095 2569 1176 ‘geographicas
2614 1095 2884 1158 rationes

150 1185 537 1260 distributae,
583 1183 852 1257 minores
899 1191 962 1245 et
1001 1185 1330 1264 praecipue
1373 1185 1650 1247 minimae
1695 1205 1811 1266 per
1854 1205 2069 1250 omnes
2114 1184 2323 1265 plagas
2370 1179 2693 1266 dissipatae
2742 1205 2883 1246 esse
2994 1201 3001 1210 ·

147 1273 469 1348 videntur,
527 1291 618 1334 nc
672 1272 834 1352 apud
891 1273 1284 1352 staphylinos
1333 1273 1510 1338 etiam
1555 1294 1785 1355 genera
1825 1275 2115 1357 pleraque
2162 1293 2198 1336 e
2242 1274 2571 1354 speciebus
2614 1273 2883 1356 parvulis
2975 1282 2985 1291 '

153 1363 490 1426 constituta
533 1381 648 1442 per
694 1369 886 1424 totum
927 1369 1228 1426 terrarum
1273 1363 1488 1428 orbem
1531 1383 1863 1428 occurrere
1922 1365 2217 1440 videntur,
2264 1364 2587 1443 speciebus
2634 1364 2884 1444 tropicis

153 1465 218 1516 et
261 1449 846 1532 septentrionalibus
893 1450 1222 1516 simillimis.
1311 1453 1486 1533 Steqi
1529 1455 1591 1516 in
1637 1453 1885 1534 Europa
1926 1453 2261 1530 numerosi,
2304 1452 2475 1516 multi
2520 1454 2580 1515 in
2602 1453 2887 1516 America

147 1543 252 1604 vel
311 1540 780 1623 septentrionali
837 1539 940 1602 vel
995 1541 1404 1620 meridionali,
1469 1541 1745 1605 nonnulli
1789 1544 1851 1605 in
1891 1544 2300 1623 ‚Madagascar
2344 1550 2677 1606 occurrunt
2721 1551 2783 1606 et
2824 1543 2887 1604 in

149 1633 320 1694 India
381 1629 670 1694 orientali
727 1629 905 1691 etiam
959 1631 1312 1709 posteriore
1359 1632 1614 1694 eosdem
1672 1633 1785 1694 sibi
1831 1632 2193 1695 observatos
2240 1651 2379 1694 esse
2424 1633 2615 1694 liten’s
2661 1631 2887 1694 certio-

151 1743 254 1784 res
295 1741 422 1784 nos
471 1719 620 1782 fecit
659 1721 769 1782 Dr.
815 1719 1042 1782 Helt'er.
1129 1721 1461 1801 Falagriae‚
1507 1723 1895 1796 Homalotae,
1932 1721 2329 1798 Aleocharae,
2374 1721 2625 1799 Conuri,
2668 1719 2881 1798 Bledii,

153 1811 406 1892 Oxyteli
465 1809 692 1872 eodem
745 1809 936 1871 modo
992 1809 1218 1892 ubique
1277 1811 1572 1872 obvenire
1635 1813 1933 1874 videntur.
2018 1809 2369 1874 Nonnullae
2416 1812 2593 1873 etiam
2638 1828 2883 1891 genera,

151 1919 380 1982 paucas
437 1905 674 1962 tantum
717 1899 962 1978 speeies
1005 1899 1407 1975 continentia,
1463 1901 1692 1980 pariter
1738 1903 1899 1980 apud
1944 1920 2063 1962 nos
2110 1909 2175 1963 et
2218 1901 2277 1962 in
2320 1900 2604 1963 America
2648 1900 2885 1980 tropica

155 1992 560 2072 reperiuntur,
605 1995 676 2050 ut
717 1989 1164 2068 Tanygnatbus,
1210 1989 1642 2070 Heterotbops.
1714 1990 1853 2052 Alia
1896 1998 2097 2052 autem
2143 1997 2283 2052 sunt
2324 2009 2553 2070 genera
2596 2009 2885 2052 numero-

151 2082 322 2142 ἐστι
363 2078 680 2155 nonnulla,
729 2097 884 2162 quae
927 2078 1214 2159 regiones
1259 2085 1623 2160 temperatas
1668 2099 1797 2142 non
1843 2080 2143 2140 excedere
2189 2079 2485 2153 videntur,
2530 2086 2601 2141 ut
2642 2079 2883 2157 'Pachy-

147 2172 290 2252 pori
355 2169 520 2231 ultra
583 2168 898 2248 Europam
963 2175 1028 2230 et
1091 2167 1432 2230 Americam
1517 2167 2055 2248 septentrionalem
2119 2169 2277 2230 haud
2348 2168 2657 2230 observati
2724 2174 2881 2241 sunt,

153 2268 220 2322 et
285 2259 694 2320 'rachium-um
763 2257 960 2319 sectio
1035 2255 1226 2320 altera
1287 2258 1618 2338 praecipue
1685 2257 1941 2338 tropicis
2014 2258 2233 2338 plagis,
2326 2257 2515 2318 altera
2590 2247 2907 2336 Europae*

163 2358 226 2410 et
287 2347 594 2409 Amen-icae
651 2345 1112 2426 septentrionali
1181 2348 1380 2412 minus
1441 2347 1672 2410 calidae
1726 2346 2049 2426 peculiaris
2107 2347 2369 2409 videtur.
2491 2347 2647 2408 Sunt
2702 2345 2881 2408 etiam
2970 2419 2981 2430 Δ

153 2457 316 2520 quae
372 2437 612 2498 nonnisi
669 2443 890 2519 tropos
949 2436 1238 2514 habitant,
1296 2444 1366 2499 ut
1411 2437 1630 2511 Piesti,
1691 2436 2057 2516 Leptoohiri.
2146 2437 2224 2497 Et
2268 2436 2539 2516 quamvis
2584 2436 2877 2517 pleraque

145 2527 648 2608 Staplnylinorum
691 2543 936 2606 genera,
977 2526 1124 2590 licet
1165 2524 1258 2602 iis,
1299 2547 1464 2610 quae
1507 2524 1805 2606 singulam
1848 2525 1947 2588 vel
1991 2545 2221 2606 paucas
2264 2525 2507 2606 species
2552 2526 2881 2601 continent,

145 2619 446 2698 exceptis,
489 2617 782 2697 Europae
827 2635 968 2679 cum
1011 2611 1440 2681 remotioribus
1487 2615 1667 2679 etiam
1712 2615 2065 2696 regionibus
2110 2615 2453 2681 communia
2484 2634 2627 2677 esse
2658 2614 2878 2691 solent,

141 2720 344 2773 tamen
391 2726 524 2768 non
574 2706 822 2768 omnino
867 2707 1102 2783 desunt,
1149 2725 1304 2789 quae
1347 2707 1410 2769 in
1453 2706 1636 2768 variis
1666 2704 1870 2782 Asiae,
1890 2705 2149 2783 Ati-icae,
2198 2715 2261 2768 et
2290 2705 2609 2768 Americae
2654 2705 2863 2766 utrius-

153 2818 266 2880 que
309 2796 672 2881 regionibus
717 2796 1064 2871 obveniunt,
1085 2795 1302 2877 quibus
1347 2796 1596 2877 Europa
1630 2798 1878 2858 omnino
1910 2804 2093 2871 caret,
2116 2804 2183 2857 ut
2204 2795 2571 2875 Pinophilus,
2595 2793 2875 2855 Osorius.

321 2888 546 2947 Fauna
589 2886 1002 2965 Eut-opaea
1046 2884 1464 2947 Omalinorum
1511 2885 1688 2965 copia
1732 2884 1981 2965 insignis
2026 2884 2295 2961 videtur,
2354 2892 2417 2947 et
2460 2886 2521 2945 in
2554 2876 2697 2963 ipsa
2752 2882 2877 2945 Eu-

147 2996 302 3057 ropa
357 2977 516 3037 baec
571 2975 762 3037 tribus
819 2974 881 3035 in
939 2974 1284 3053 regionibus
1341 2974 1915 3055 septentrionalibus
1974 2980 2035 3037 et
2093 2974 2453 3053 alpestribus
2498 2972 2875 3055 frequentius

148 3085 484 3131 occurrere
547 3064 802 3127 videtur.
887 3064 1150 3143 Species
1200 3064 1480 3127 boreales
1541 3066 1791 3127 omnino
1850 3063 2025 3125 iacile
2081 3064 2145 3125 in
2196 3063 2517 3143 regionum
2574 3068 2900 3145 tempera-l

141 3164 340 3217 tarum
387 3154 710 3217 montibus
733 3153 1142 3233 reperiuntur,
1189 3154 1252 3215 in
1297 3154 1514 3235 quibus
1559 3160 1653 3215 sat
1697 3153 1949 3215 elevatis
2011 3152 2241 3214 boreali
2286 3152 2524 3215 climate
2570 3154 2873 3213 foventur.

144 3246 248 3309 Sic
291 3245 606 3306 Tachinus
651 3243 970 3323 elongatus
1014 3262 1144 3305 non
1185 3244 1376 3305 modo
1421 3243 1484 3304 in
1529 3242 1753 3307 Suecia
1798 3249 1860 3305 et
1902 3242 1965 3303 in
2010 3242 2401 3317 Unalaschka,
2462 3242 2573 3303 sed
2618 3240 2683 3301 in
2726 3241 2875 3302 Hel-

145 3336 340 3397 vetiae
405 3335 584 3396 etiam
639 3332 874 3413 alpibus
923 3333 1161 3395 obvius·
1274 3332 1531 3412 Alpibus
1575 3340 1680 3395 aut
1722 3332 2029 3395 montibus
2078 3330 2508 3394 elevatioribus
2553 3336 2875 3411 praeterea

147 3425 506 3505 complures
550 3423 840 3503 propriae
885 3420 1166 3484 videntur
1209 3422 1468 3503 species,
1511 3420 1843 3502 praecipue
1890 3440 1925 3482 e
1973 3440 2197 3500 genere
2243 3421 2547 3500 Ocypode
2594 3418 2699 3495 (Ο.
2747 3438 2874 3479 ma-

145 3513 568 3594 crocepbalus
613 3512 872 3588 Italicus,
918 3510 1216 3591 alpestds,
1261 3510 1740 3592 megaoephalus,
1784 3510 2093 3590 alpieola).
2152 3510 2409 3591 Species
2454 3507 2689 3589 alpinae
2738 3526 2873 3569 sae-

143 3622 490 3685 penumero
551 3610 828 3682 apterae:
895 3602 984 3663 sic
1041 3601 1354 3663 Baederus
1407 3600 1682 3663 littoralis
1744 3601 1921 3662 etiam
1934 3648 1951 3676 ‚
2020 3600 2123 3683 qui
2176 3600 2461 3681 regiones
2508 3597 2871 3660 elevatiores

145 3695 382 3771 habitat,
431 3692 542 3753 alis
589 3690 909 3754 destitutus
955 3696 1066 3753 est.
1133 3691 1390 3771 Species
1438 3689 1664 3753 salinae
1707 3690 1949 3751 minime
1994 3690 2177 3751 arctis
2220 3688 2504 3750 limitibus
2548 3687 2872 3753 terminan-

147 3794 266 3845 tur:
361 3782 718 3844 Philonthus
763 3780 1151 3843 xantholoma
1207 3780 1268 3841 iu
1327 3778 1490 3841 omni
1547 3780 1835 3859 Europae
1880 3779 2086 3840 littore
2132 3777 2453 3859 reperitur.
2540 3776 2869 3839 Bledius

146 3874 422 3935 fui-catus
481 3881 546 3933 et
599 3871 910 3933 unicornis
969 3870 1255 3949 Europae
1313 3862 1723 3941 meridionalis
1768 3877 1829 3930 et
1874 3868 2269 3930 occidentalis
2326 3868 2527 3929 littora
2580 3886 2699 3928 nec
2742 3886 2869 3931 non

147 3960 516 4024 Germaniae
559 3960 866 4023 interioris
909 3960 1082 4021 lacus
1125 3959 1325 4021 salsos
1369 3958 1646 4021 habitant,
1723 3958 1975 4019 Bledius
2021 3957 2289 4019 bicornis
2334 3956 2559 4037 pariter
2602 3955 2680 4017 ad
2726 3972 2870 4016 eos*

141 4053 276 4115 dem
323 4050 702 4113 Germaniae
743 4056 926 4132 atque
967 4048 1198 4111 Iberiae
1243 4047 1416 4111 lacus
1457 4050 1656 4110 salsos
1699 4047 2075 4109 observatur.

315 4141 560 4203 Asiae
617 4148 786 4202 totae
845 4136 1753 4217 septentrionalis-fauna
1809 4156 1873 4198 m
1945 4138 2061 4197 hac
2118 4134 2337 4197 familia
2410 4134 2487 4196 ab
2544 4132 2871 4211 Europaea

137 4252 354 4313 parum
415 4229 698 4301 distincta
755 4229 1020 4305 videtur,
1064 4234 1134 4290 ut
1175 4234 1238 4289 et
1278 4234 1409 4289 tota
1452 4227 1636 4289 Asia
1681 4224 2248 4301 occidentalis,
2306 4223 2633 4305 praecipue
2678 4221 2885 4282 Asia.

147 4324 406 4384 minor
453 4310 776 4401 etSyria
819 4336 936 4379 nec
977 4336 1108 4379 non
1134 4312 1719 4396 Mesopotamia
1764 4314 2011 4377 easdem
2056 4314 2377 4396 plerasque
2424 4312 2665 4393 species
2688 4316 2869 4391 atque

12 4400 26 4411 ’
147 4412 394 4491 Europa
455 4410 802 4490 proferunt.
888 4406 1164 4471 Indiae
1221 4405 1559 4485 staphylini
1615 4424 1829 4485 parum
1886 4404 2309 4479 innotuerunt,
2368 4422 2491 4475 nec
2544 4399 2867 4481 peculiaris

145 4502 472 4584 quidquam
517 4499 744 4561 babere
789 4496 1086 4559 videntur.
1175 4495 1422 4557 Genera
1465 4492 1927 4574 Myrmedonia,
1988 4494 2291 4556 Tachinus
2315 4485 2379 4567 ¹¹²,
2440 4489 2865 4563 xantholinue

141 4590 568 4673 Staphylinus,
633 4588 1007 4663 Philontlms,
1071 4584 1376 4667 QuediuS‚
1435 4586 1765 4661 PaederuS,
1824 4583 2205 4663 Pinopbilus,
2251 4580 2543 4657 OsoriuS,
2598 4577 2866 4653 Bledius

141 4679 549 4761 laeptoebkus
610 4680 930 4758 hucusque
987 4694 1064 4736 ex
1108 4672 1274 4736 india
1316 4674 1494 4736 nobis
1540 4674 1718 4736 allata
1756 4684 1912 4750 sunt,
1958 4680 2021 4735 et
2066 4674 2291 4733 formas
2338 4670 2689 4750 Europaeas
2738 4667 2869 4747 ple-

147 4790 361 4857 rasque
420 4768 718 4848 inveniri,
781 4766 928 4829 licet
985 4762 1410 4847 speciminibus
1469 4762 1648 4844 raris,
1712 4782 1917 4847 neque
1974 4761 2249 4843 copiosis
2306 4768 2377 4825 ut
2419 4758 2581 4843 apud
2622 4776 2771 4833 noS,
2834 4774 2871 4817 a
