3409 5250
469 322 594 368 vm

476 465 798 555 Seh'lipp
817 466 896 534 el
961 483 1294 556 generose
1351 471 1548 535 totam
1607 481 1792 534 suam
1848 458 2331 554 collectionem,
2398 463 2751 550 speciebus
2806 463 3173 553 Europaeis

476 585 660 646 certe
696 573 1104 660 ditissimam,
1149 577 1468 644 scientiae
1523 576 1588 642 in
1647 593 1833 640 usum
1880 570 2166 644 tradidit,
2212 577 2281 636 et
2324 572 2430 638 cui
2476 574 2620 658 ipse
2665 571 3173 662 omnia-addidi,

473 699 908 770 quaecunque
953 680 1100 747 olim
1131 673 1420 748 'iuvenili
1455 682 1729 760 ⁸tei-vore
1776 678 2043 768 collegi.
2130 677 2215 744 D.
2261 677 2442 744 Prot.
2490 677 2857 768 Germar,
2916 679 3003 745 Ι).
3054 679 3173 746 Dr.

477 789 738 876 Αιιὴό,
783 787 872 853 Ι).
917 785 1386 855 Chevrolat
1425 789 1876 857 collectionum
1921 805 2185 852 suarum
2232 785 2665 874 staphylinos
2708 791 2976 853 cunctos
3020 787 3174 852 mihi

481 894 1000 973 transmiserunt,
1039 893 1122 957 D.
1152 894 1321 960 Pros.
1352 893 1587 963 Gene
1633 894 2067 982 Staphylinos
2110 893 2181 958 in
2226 891 2541 960 Sardinia
2583 883 2715 960 sibi'
2755 895 2965 960 lectos
3010 913 3177 959 cun-

479 1009 628 1070 ctos
685 997 1210 1082 communicavit3
1269 1000 1354 1065 D.
1409 999 1590 1068 Prot.
1647 999 1881 1068 Germ
1898 1009 1989 1067 ar‘
2028 1000 2246 1088 magis
2290 1017 2331 1066 e
2375 1001 2692 1067 scientiae
2736 1021 2928 1086 quam
2975 993 3175 1069 colle·

483 1111 718 1177 ctionis
760 1123 924 1175 suae
965 1105 1182 1172 studio
1227 1125 1454 1175 omnes
1499 1108 1691 1174 huius
1734 1107 2042 1194 familiae,
2080 1123 2249 1192 quae
2294 1105 2604 1193 singulae
2636 1107 2829 1173 etiam
2866 1107 2929 1174 ei
2965 1115 3176 1194 erant,

483 1215 746 1302 species
789 1211 1150 1279 liberaliter
1193 1213 1482 1300 donavit,
1525 1222 1599 1281 ut
1639 1215 1783 1303 typi
1830 1229 2018 1300 quam
2064 1212 2320 1300 plurimi
2351 1215 2433 1279 -in
2480 1209 2713 1279 Museo
2766 1215 3176 1284 Berolineiisi

484 1325 977 1388 conserventur.
1089 1318 1176 1384 D.
1233 1321 1320 1386 D.
1381 1321 1561 1388 Prof.
1621 1319 1851 1389 Gene
1907 1328 1977 1386 et
2033 1319 2155 1386 Dr.
2212 1320 2269 1384 A
2296 1319 2447 1386 ube
2512 1319 2727 1386 omnia
2782 1339 2952 1410 quae
3006 1323 3179 1388 ultra

489 1427 690 1514 dupla
741 1425 1038 1493 eiusdem
1093 1428 1346 1513 speciei
1411 1427 1751 1495 individua
1814 1427 1881 1492 in
1947 1443 2170 1494 corum
2236 1425 2726 1493 collectionibus
2792 1428 3177 1514 invenerim,

489 1533 858 1602 humaniter
907 1533 1383 1621 concederunt,
1448 1532 1639 1602 Dom.
1707 1533 2297 1600 Westermann
2363 1549 2625 1615 omnes,
2695 1553 2860 1620 quas
2922 1537 3179 1623 duplae,

488 1641 727 1708 multas
771 1639 964 1706 etiam
1009 1655 1178 1724 quas
1219 1641 1524 1730 singulas
1561 1640 1787 1708 habuit
1828 1639 2125 1726 specim,
2173 1640 2443 1705 comiter
2486 1639 2698 1730 dedit3
2760 1641 2939 1707 multi
2979 1662 3178 1731 prae-

491 1756 680 1816 terea
721 1747 924 1814 multa
967 1747 1401 1836 contulerunt,
1445 1746 1622 1815 unde
1664 1746 2013 1832 suecessit,
2056 1752 2129 1811 nt
2172 1763 2298 1811 non
2342 1745 2551 1811 solum
2598 1746 2978 1816 uberrimam
3024 1769 3181 1836 spe-

493 1853 794 1922 ciminum
821 1853 1074 1940 copiam
1101 1853 1514 1922 examinandi
1545 1860 1614 1920 et
1646 1853 1977 1944 insignem
2002 1852 2368 1938 specierum
2406 1871 2737 1919 numerum
2766 1853 3184 1923 describendi

441 1969 448 1982 “
492 1960 868 2029 facultatem
913 1967 1266 2026 assecutus
1309 1959 1455 2048 sim,
1500 1959 1623 2026 sed
1660 1978 1787 2046 quo
1832 1959 2029 2026 etiam
2070 1957 2311 2024 factum
2356 1963 2485 2042 est,
2520 1968 2595 2026 ut
2634 1960 2777 2046 typi
2823 1981 3011 2048 quam
3036 1964 3186 2049 plu-

495 2067 640 2134 rimi
685 2065 752 2132 in
793 2063 1028 2134 Museo
1066 2065 1285 2150 Regio
1327 2065 1741 2134 Berolinenoi
1785 2065 2043 2133 collecti
2088 2065 2245 2132 sint.
2332 2061 2619 2152 Species
2662 2085 2913 2154 omnes,
2952 2071 3188 2154 quibus

497 2171 956 2242 describendis
995 2172 1460 2262 speciminibus
1501 2172 1628 2240 hoc
1669 2173 1739 2240 in
1782 2171 2017 2240 Museo
2059 2171 2468 2238 conservatis
2512 2193 2675 2239 usus
2718 2193 2896 2258 num,
2940 2176 3185 2244 asteri-

497 2299 616 2349 sco
666 2278 912 2346 notavi.
1039 2273 1052 2288 ’

677 2385 902 2474 Opere
940 2384 1071 2452 iam
1113 2383 1292 2452 finito
1335 2389 1406 2452 et
1447 2385 1717 2474 integro
1776 2383 2034 2454 edendo
2090 2384 2253 2454 nihil
2308 2389 2548 2472 restat,
2606 2383 2737 2452 nisi
2794 2383 2969 2471 quod
3022 2405 3190 2474 gra-

497 2497 631 2564 tias
674 2511 874 2583 agam
914 2489 1247 2579 publicas,
1302 2490 1544 2582 Vobis,
1589 2491 1676 2557 Ι).
1722 2492 1810 2559 Ι).
1853 2491 2081 2581 Klug
2122 2501 2194 2560 et
2234 2487 2673 2580 schuppffl,
2718 2507 2985 2580 quorum
3028 2510 3193 2558 con-

502 2601 654 2670 siliu
713 2598 870 2668 mihi
923 2615 1248 2685 nunquam
1293 2595 1680 2687 defuerunt,
1736 2603 1808 2667 et
1851 2597 2060 2669 Vobis
2102 2599 2433 2688 omnibus,
2492 2598 2604 2688 qui
2663 2616 2751 2665 ex
2794 2595 3081 2669 amicitia
3124 2605 3195 2669 et

503 2707 822 2778 scientiae
865 2706 1082 2773 studio
1125 2704 1456 2774 laboribus
1503 2704 1668 2773 meis
1710 2706 2067 2774 subvenire
2120 2706 2443 2777 benevole
2487 2704 2813 2775 voluistis⁶

681 2812 902 2883 Berol.
943 2810 1014 2881 d.
1055 2810 1186 2879 111.
1228 2818 1386 2883 ante
1429 2810 1572 2883 Gal.
1617 2810 1806 2903 Aug.
1852 2811 2317 2883 MDCCCXL.
