<?xml version="1.0" encoding="UTF-8"?>
<!DOCTYPE html PUBLIC "-//W3C//DTD XHTML 1.0 Transitional//EN"
    "http://www.w3.org/TR/xhtml1/DTD/xhtml1-transitional.dtd">
<html xmlns="http://www.w3.org/1999/xhtml" xml:lang="en" lang="en">
 <head>
  <title>
</title>
<meta http-equiv="Content-Type" content="text/html;charset=utf-8" />
  <meta name='ocr-system' content='tesseract 3.04.00' />
  <meta name='ocr-capabilities' content='ocr_page ocr_carea ocr_par ocr_line ocrx_word'/>
</head>
<body>
  <div class='ocr_page' id='page_1' title='image "./generaetspecies00ericgoog_0013.png"; bbox 0 0 3409 5250; ppageno 0'>
   <div class='ocr_carea' id='block_1_1' title="bbox 2772 296 2871 342">
    <p class='ocr_par' dir='ltr' id='par_1_1' title="bbox 2772 296 2871 342">
     <span class='ocr_line' id='line_1_1' title="bbox 2772 296 2871 342; baseline 0 0"><span class='ocrx_word' id='word_1_1' title='bbox 2772 296 2871 342; x_wconf 76' lang='lat' dir='ltr'><strong>vn</strong></span> 
     </span>
    </p>
   </div>
   <div class='ocr_carea' id='block_1_2' title="bbox 151 443 2893 852">
    <p class='ocr_par' dir='ltr' id='par_1_2' title="bbox 151 443 2893 852">
     <span class='ocr_line' id='line_1_2' title="bbox 164 443 2861 533; baseline -0.001 -17"><span class='ocrx_word' id='word_1_2' title='bbox 164 445 472 516; x_wconf 74' lang='lat' dir='ltr'><strong>continere</strong></span> <span class='ocrx_word' id='word_1_3' title='bbox 535 443 878 512; x_wconf 83' lang='lat' dir='ltr'><strong>videntur</strong></span> <span class='ocrx_word' id='word_1_4' title='bbox 943 443 1062 511; x_wconf 89' lang='lat' dir='ltr'><strong>nisi</strong></span> <span class='ocrx_word' id='word_1_5' title='bbox 1071 496 1080 504; x_wconf 86' lang='lat'><strong>.</strong></span> <span class='ocrx_word' id='word_1_6' title='bbox 1127 451 1318 512; x_wconf 78' lang='lat' dir='ltr'><strong>notus</strong></span> <span class='ocrx_word' id='word_1_7' title='bbox 1383 443 1833 532; x_wconf 61' lang='lat' dir='ltr'><strong>distinctivas,</strong></span> <span class='ocrx_word' id='word_1_8' title='bbox 1903 445 2137 533; x_wconf 80' lang='lat' dir='ltr'><strong>quibus</strong></span> <span class='ocrx_word' id='word_1_9' title='bbox 2202 443 2533 533; x_wconf 76' lang='lat' dir='ltr'>neglectis</span> <span class='ocrx_word' id='word_1_10' title='bbox 2596 443 2861 532; x_wconf 86' lang='lat' dir='ltr'><strong>specics</strong></span> 
     </span>
     <span class='ocr_line' id='line_1_3' title="bbox 162 551 2857 641; baseline 0.001 -25"><span class='ocrx_word' id='word_1_11' title='bbox 162 551 512 639; x_wconf 68' lang='lat' dir='ltr'><strong>descriptae</strong></span> <span class='ocrx_word' id='word_1_12' title='bbox 576 570 720 636; x_wconf 75' lang='lat' dir='ltr'><strong>non</strong></span> <span class='ocrx_word' id='word_1_13' title='bbox 789 552 1020 618; x_wconf 86' lang='lat' dir='ltr'><strong>lecturi</strong></span> <span class='ocrx_word' id='word_1_14' title='bbox 1072 554 1276 620; x_wconf 86' lang='lat' dir='ltr'><strong>solum</strong></span> <span class='ocrx_word' id='word_1_15' title='bbox 1333 552 1483 619; x_wconf 82' lang='lat' dir='ltr'><strong>sed·</strong></span> <span class='ocrx_word' id='word_1_16' title='bbox 1512 552 1761 622; x_wconf 77' lang='lat' dir='ltr'><strong>auctori</strong></span> <span class='ocrx_word' id='word_1_17' title='bbox 1806 554 2001 620; x_wconf 75' lang='lat' dir='ltr'><strong>etiam</strong></span> <span class='ocrx_word' id='word_1_18' title='bbox 2045 551 2173 637; x_wconf 90' lang='lat' dir='ltr'><strong>ipsi</strong></span> <span class='ocrx_word' id='word_1_19' title='bbox 2220 551 2455 620; x_wconf 74' lang='lat' dir='ltr'><strong>dubiae</strong></span> <span class='ocrx_word' id='word_1_20' title='bbox 2500 559 2857 641; x_wconf 74' lang='lat' dir='ltr'><strong>remanent,</strong></span> 
     </span>
     <span class='ocr_line' id='line_1_4' title="bbox 153 658 2893 750; baseline -0 -24"><span class='ocrx_word' id='word_1_21' title='bbox 153 667 212 726; x_wconf 85' lang='lat' dir='ltr'><strong>et</strong></span> <span class='ocrx_word' id='word_1_22' title='bbox 247 658 630 744; x_wconf 71' lang='lat' dir='ltr'><strong>specierum</strong></span> <span class='ocrx_word' id='word_1_23' title='bbox 683 659 988 746; x_wconf 82' lang='lat' dir='ltr'>cognitio</span> <span class='ocrx_word' id='word_1_24' title='bbox 1030 677 1232 746; x_wconf 77' lang='lat' dir='ltr'><strong>saepe</strong></span> <span class='ocrx_word' id='word_1_25' title='bbox 1279 659 1492 750; x_wconf 77' lang='lat' dir='ltr'><strong>magis</strong></span> <span class='ocrx_word' id='word_1_26' title='bbox 1538 659 1961 746; x_wconf 81' lang='lat' dir='ltr'><strong>perturbatur</strong></span> <span class='ocrx_word' id='word_1_27' title='bbox 1998 679 2189 745; x_wconf 75' lang='lat' dir='ltr'><strong>quam</strong></span> <span class='ocrx_word' id='word_1_28' title='bbox 2232 658 2609 725; x_wconf 76' lang='lat' dir='ltr'><strong>illustratur.</strong></span> <span class='ocrx_word' id='word_1_29' title='bbox 2685 661 2893 726; x_wconf 79' lang='lat' dir='ltr'><strong>Ver--</strong></span> 
     </span>
     <span class='ocr_line' id='line_1_5' title="bbox 151 762 2855 852; baseline -0.002 -17"><span class='ocrx_word' id='word_1_30' title='bbox 151 767 352 835; x_wconf 82' lang='lat' dir='ltr'><strong>borum</strong></span> <span class='ocrx_word' id='word_1_31' title='bbox 407 764 680 851; x_wconf 79' lang='lat' dir='ltr'><strong>copiam</strong></span> <span class='ocrx_word' id='word_1_32' title='bbox 751 766 1224 852; x_wconf 79' lang='lat' dir='ltr'><strong>descriptiones</strong></span> <span class='ocrx_word' id='word_1_33' title='bbox 1267 786 1674 852; x_wconf 76' lang='lat' dir='ltr'><strong>nequaquam</strong></span> <span class='ocrx_word' id='word_1_34' title='bbox 1720 766 2159 834; x_wconf 85' lang='lat' dir='ltr'><strong>distinctiores</strong></span> <span class='ocrx_word' id='word_1_35' title='bbox 2188 762 2507 852; x_wconf 80' lang='lat' dir='ltr'><strong>¹reddere,</strong></span> <span class='ocrx_word' id='word_1_36' title='bbox 2554 765 2855 847; x_wconf 80' lang='lat' dir='ltr'><strong>Linnaei,</strong></span> 
     </span>
    </p>
   </div>
   <div class='ocr_carea' id='block_1_3' title="bbox 145 871 2985 974">
    <p class='ocr_par' dir='ltr' id='par_1_3' title="bbox 145 871 2985 974">
     <span class='ocr_line' id='line_1_6' title="bbox 145 871 2985 974; baseline 0.001 -38"><span class='ocrx_word' id='word_1_37' title='bbox 145 871 550 962; x_wconf 74' lang='lat' dir='ltr'><strong>Fabriciique</strong></span> <span class='ocrx_word' id='word_1_38' title='bbox 602 878 684 937; x_wconf 86' lang='lat' dir='ltr'><strong>et</strong></span> <span class='ocrx_word' id='word_1_39' title='bbox 732 871 996 962; x_wconf 82' lang='lat' dir='ltr'><strong>Illigeri</strong></span> <span class='ocrx_word' id='word_1_40' title='bbox 1039 875 1339 959; x_wconf 83' lang='lat' dir='ltr'><strong>exemplo</strong></span> <span class='ocrx_word' id='word_1_41' title='bbox 1388 875 1612 960; x_wconf 85' lang='lat' dir='ltr'><strong>liquet,</strong></span> <span class='ocrx_word' id='word_1_42' title='bbox 1656 873 1983 974; x_wconf 74' lang='lat' dir='ltr'><strong>brevitate</strong></span> <span class='ocrx_word' id='word_1_43' title='bbox 2014 893 2173 940; x_wconf 82' lang='lat' dir='ltr'><strong>vero</strong></span> <span class='ocrx_word' id='word_1_44' title='bbox 2212 876 2527 943; x_wconf 86' lang='lat' dir='ltr'><strong>neminem</strong></span> <span class='ocrx_word' id='word_1_45' title='bbox 2550 874 2855 959; x_wconf 78' lang='lat' dir='ltr'><strong>praecel-</strong></span> <span class='ocrx_word' id='word_1_46' title='bbox 2975 891 2985 910; x_wconf 68' lang='lat'><em>¹</em></span> 
     </span>
    </p>
   </div>
   <div class='ocr_carea' id='block_1_4' title="bbox 132 977 2863 3635">
    <p class='ocr_par' dir='ltr' id='par_1_4' title="bbox 140 977 2855 1920">
     <span class='ocr_line' id='line_1_7' title="bbox 145 977 2855 1067; baseline 0 -24"><span class='ocrx_word' id='word_1_47' title='bbox 145 978 270 1044; x_wconf 85' lang='lat' dir='ltr'><strong>lere</strong></span> <span class='ocrx_word' id='word_1_48' title='bbox 325 978 526 1044; x_wconf 80' lang='lat' dir='ltr'><strong>video</strong></span> <span class='ocrx_word' id='word_1_49' title='bbox 591 977 870 1066; x_wconf 75' lang='lat' dir='ltr'><strong>Snyum</strong></span> <span class='ocrx_word' id='word_1_50' title='bbox 925 979 1412 1062; x_wconf 78' lang='lat' dir='ltr'><strong>Americnnum,</strong></span> <span class='ocrx_word' id='word_1_51' title='bbox 1473 980 1583 1065; x_wconf 82' lang='lat' dir='ltr'><strong>qui</strong></span> <span class='ocrx_word' id='word_1_52' title='bbox 1644 979 2121 1067; x_wconf 71' lang='lat' dir='ltr'><strong>descriptiones</strong></span> <span class='ocrx_word' id='word_1_53' title='bbox 2166 981 2332 1046; x_wconf 79' lang='lat' dir='ltr'><strong>adeo</strong></span> <span class='ocrx_word' id='word_1_54' title='bbox 2380 979 2585 1048; x_wconf 80' lang='lat' dir='ltr'><strong>edidit</strong></span> <span class='ocrx_word' id='word_1_55' title='bbox 2630 981 2855 1045; x_wconf 89' lang='lat' dir='ltr'><strong>conci-</strong></span> 
     </span>
     <span class='ocr_line' id='line_1_8' title="bbox 145 1079 2855 1174; baseline 0.001 -24"><span class='ocrx_word' id='word_1_56' title='bbox 145 1103 270 1174; x_wconf 76' lang='lat' dir='ltr'><strong>sas,</strong></span> <span class='ocrx_word' id='word_1_57' title='bbox 313 1091 385 1150; x_wconf 87' lang='lat' dir='ltr'><strong>ut</strong></span> <span class='ocrx_word' id='word_1_58' title='bbox 430 1079 866 1174; x_wconf 80' lang='lat' dir='ltr'><strong>diagnoseos</strong></span> <span class='ocrx_word' id='word_1_59' title='bbox 917 1086 1244 1154; x_wconf 75' lang='lat' dir='ltr'><strong>volumen.</strong></span> <span class='ocrx_word' id='word_1_60' title='bbox 1284 1086 1394 1152; x_wconf 78' lang='lat' dir='ltr'><strong>vix</strong></span> <span class='ocrx_word' id='word_1_61' title='bbox 1471 1094 1829 1174; x_wconf 88' lang='lat' dir='ltr'><strong>superent,</strong></span> <span class='ocrx_word' id='word_1_62' title='bbox 1896 1087 2307 1164; x_wconf 83' lang='lat' dir='ltr'><strong>nihilominus</strong></span> <span class='ocrx_word' id='word_1_63' title='bbox 2374 1087 2558 1169; x_wconf 18' lang='lat' dir='ltr'><strong>adeo*</strong></span> <span class='ocrx_word' id='word_1_64' title='bbox 2600 1087 2855 1152; x_wconf 77' lang='lat' dir='ltr'><strong>lucidas</strong></span> 
     </span>
     <span class='ocr_line' id='line_1_9' title="bbox 145 1187 2853 1280; baseline 0.001 -25"><span class='ocrx_word' id='word_1_65' title='bbox 145 1199 208 1255; x_wconf 84' lang='lat' dir='ltr'><strong>ut</strong></span> <span class='ocrx_word' id='word_1_66' title='bbox 260 1191 375 1256; x_wconf 75' lang='lat' dir='ltr'><strong>vix</strong></span> <span class='ocrx_word' id='word_1_67' title='bbox 437 1191 756 1278; x_wconf 85' lang='lat' dir='ltr'><strong>speciem</strong></span> <span class='ocrx_word' id='word_1_68' title='bbox 817 1187 1140 1278; x_wconf 75' lang='lat' dir='ltr'><strong>quandam</strong></span> <span class='ocrx_word' id='word_1_69' title='bbox 1195 1195 1279 1260; x_wconf 83' lang='lat' dir='ltr'><strong>ub</strong></span> <span class='ocrx_word' id='word_1_70' title='bbox 1339 1193 1450 1258; x_wconf 85' lang='lat' dir='ltr'><strong>illo</strong></span> <span class='ocrx_word' id='word_1_71' title='bbox 1507 1193 1861 1260; x_wconf 82' lang='lat' dir='ltr'><strong>exhibitum</strong></span> <span class='ocrx_word' id='word_1_72' title='bbox 1907 1197 2186 1280; x_wconf 82' lang='lat' dir='ltr'><strong>unqunm&#39;</strong></span> <span class='ocrx_word' id='word_1_73' title='bbox 2228 1193 2531 1260; x_wconf 81' lang='lat' dir='ltr'><strong>invenies</strong></span> <span class='ocrx_word' id='word_1_74' title='bbox 2575 1192 2853 1258; x_wconf 77' lang='lat' dir='ltr'><strong>dubiam.</strong></span> 
     </span>
     <span class='ocr_line' id='line_1_10' title="bbox 147 1294 2853 1391; baseline 0.001 -29"><span class='ocrx_word' id='word_1_75' title='bbox 147 1295 310 1364; x_wconf 84' lang='lat' dir='ltr'><strong>Sunt</strong></span> <span class='ocrx_word' id='word_1_76' title='bbox 347 1304 574 1366; x_wconf 81' lang='lat' dir='ltr'><strong>nutem</strong></span> <span class='ocrx_word' id='word_1_77' title='bbox 624 1305 940 1391; x_wconf 72' lang='lat' dir='ltr'><strong>auctores</strong></span> <span class='ocrx_word' id='word_1_78' title='bbox 985 1318 1243 1386; x_wconf 86' lang='lat' dir='ltr'><strong>quoque</strong></span> <span class='ocrx_word' id='word_1_79' title='bbox 1287 1294 1566 1386; x_wconf 83' lang='lat' dir='ltr'><strong>plurimi,</strong></span> <span class='ocrx_word' id='word_1_80' title='bbox 1611 1300 1807 1366; x_wconf 80' lang='lat' dir='ltr'><strong>simili</strong></span> <span class='ocrx_word' id='word_1_81' title='bbox 1850 1299 2269 1368; x_wconf 84' lang='lat' dir='ltr'><strong>describendi</strong></span> <span class='ocrx_word' id='word_1_82' title='bbox 2314 1300 2502 1366; x_wconf 87' lang='lat' dir='ltr'><strong>modo</strong></span> <span class='ocrx_word' id='word_1_83' title='bbox 2550 1300 2674 1388; x_wconf 82' lang='lat' dir='ltr'><strong>nsi,</strong></span> <span class='ocrx_word' id='word_1_84' title='bbox 2717 1300 2853 1364; x_wconf 88' lang='lat' dir='ltr'><strong>illis</strong></span> 
     </span>
     <span class='ocr_line' id='line_1_11' title="bbox 141 1405 2851 1500; baseline 0 -30"><span class='ocrx_word' id='word_1_85' title='bbox 141 1410 342 1471; x_wconf 79' lang='lat' dir='ltr'><strong>tumen</strong></span> <span class='ocrx_word' id='word_1_86' title='bbox 391 1405 570 1472; x_wconf 78' lang='lat' dir='ltr'><strong>viris</strong></span> <span class='ocrx_word' id='word_1_87' title='bbox 636 1406 919 1495; x_wconf 80' lang='lat' dir='ltr'><strong>ingenio</strong></span> <span class='ocrx_word' id='word_1_88' title='bbox 977 1414 1297 1494; x_wconf 74' lang='lat' dir='ltr'><strong>impares,</strong></span> <span class='ocrx_word' id='word_1_89' title='bbox 1355 1407 1464 1492; x_wconf 84' lang='lat' dir='ltr'><strong>qui</strong></span> <span class='ocrx_word' id='word_1_90' title='bbox 1517 1405 2073 1494; x_wconf 77' lang='lat' dir='ltr'><strong>descriptionibus</strong></span> <span class='ocrx_word' id='word_1_91' title='bbox 2128 1407 2555 1500; x_wconf 41' lang='lat' dir='ltr'><strong>abbreviatis·</strong></span> <span class='ocrx_word' id='word_1_92' title='bbox 2588 1409 2851 1493; x_wconf 76' lang='lat' dir='ltr'><strong>species</strong></span> 
     </span>
     <span class='ocr_line' id='line_1_12' title="bbox 141 1511 2849 1602; baseline 0 -26"><span class='ocrx_word' id='word_1_93' title='bbox 141 1511 384 1578; x_wconf 86' lang='lat' dir='ltr'><strong>nonnisi</strong></span> <span class='ocrx_word' id='word_1_94' title='bbox 429 1513 684 1582; x_wconf 76' lang='lat' dir='ltr'><strong>dubias</strong></span> <span class='ocrx_word' id='word_1_95' title='bbox 733 1519 802 1583; x_wconf 84' lang='lat' dir='ltr'><strong>et</strong></span> <span class='ocrx_word' id='word_1_96' title='bbox 847 1515 1162 1584; x_wconf 77' lang='lat' dir='ltr'><strong>obscurus</strong></span> <span class='ocrx_word' id='word_1_97' title='bbox 1207 1512 1628 1600; x_wconf 77' lang='lat' dir='ltr'><strong>provulgant.</strong></span> <span class='ocrx_word' id='word_1_98' title='bbox 1710 1513 1925 1582; x_wconf 75' lang='lat' dir='ltr'><strong>Tanto</strong></span> <span class='ocrx_word' id='word_1_99' title='bbox 1969 1515 2186 1602; x_wconf 71' lang='lat' dir='ltr'><strong>magis</strong></span> <span class='ocrx_word' id='word_1_100' title='bbox 2228 1514 2439 1601; x_wconf 80' lang='lat' dir='ltr'><strong>igitur</strong></span> <span class='ocrx_word' id='word_1_101' title='bbox 2480 1513 2849 1578; x_wconf 72' lang='lat' dir='ltr'><strong>evitandum</strong></span> 
     </span>
     <span class='ocr_line' id='line_1_13' title="bbox 141 1619 2849 1714; baseline 0 -30"><span class='ocrx_word' id='word_1_102' title='bbox 141 1619 287 1684; x_wconf 80' lang='lat' dir='ltr'><strong>milii</strong></span> <span class='ocrx_word' id='word_1_103' title='bbox 329 1620 606 1714; x_wconf 76' lang='lat' dir='ltr'><strong>putavi,</strong></span> <span class='ocrx_word' id='word_1_104' title='bbox 661 1620 838 1706; x_wconf 85' lang='lat' dir='ltr'><strong>quod</strong></span> <span class='ocrx_word' id='word_1_105' title='bbox 887 1637 1152 1688; x_wconf 77' lang='lat' dir='ltr'><strong>mancae</strong></span> <span class='ocrx_word' id='word_1_106' title='bbox 1199 1641 1388 1706; x_wconf 78' lang='lat' dir='ltr'><strong>quum</strong></span> <span class='ocrx_word' id='word_1_107' title='bbox 1437 1621 1607 1704; x_wconf 82' lang='lat' dir='ltr'><strong>quod</strong></span> <span class='ocrx_word' id='word_1_108' title='bbox 1653 1621 1977 1688; x_wconf 77' lang='lat' dir='ltr'><strong>verbosae</strong></span> <span class='ocrx_word' id='word_1_109' title='bbox 2020 1620 2309 1686; x_wconf 75' lang='lat' dir='ltr'><strong>evadunt</strong></span> <span class='ocrx_word' id='word_1_110' title='bbox 2350 1619 2849 1706; x_wconf 79' lang='lat' dir='ltr'><strong>descriptiones,</strong></span> 
     </span>
     <span class='ocr_line' id='line_1_14' title="bbox 140 1719 2847 1860; baseline -0.001 -66"><span class='ocrx_word' id='word_1_111' title='bbox 140 1733 370 1810; x_wconf 79' lang='lat' dir='ltr'><strong>quanto</strong></span> <span class='ocrx_word' id='word_1_112' title='bbox 425 1719 850 1794; x_wconf 79' lang='lat' dir='ltr'><strong>difficiliores</strong></span> <span class='ocrx_word' id='word_1_113' title='bbox 905 1733 980 1794; x_wconf 89' lang='lat' dir='ltr'><strong>et</strong></span> <span class='ocrx_word' id='word_1_114' title='bbox 1034 1727 1308 1816; x_wconf 77' lang='lat' dir='ltr'><strong>aegrius</strong></span> <span class='ocrx_word' id='word_1_115' title='bbox 1368 1725 1879 1815; x_wconf 75' lang='lat' dir='ltr'><strong>distinguendae</strong></span> <span class='ocrx_word' id='word_1_116' title='bbox 1933 1727 2267 1816; x_wconf 70' lang='lat' dir='ltr'><strong>plurimae</strong></span> <span class='ocrx_word' id='word_1_117' title='bbox 2294 1723 2847 1860; x_wconf 80' lang='lat' dir='ltr'><strong>·Stupbylinorum</strong></span> 
     </span>
     <span class='ocr_line' id='line_1_15' title="bbox 143 1834 2041 1920; baseline 0.002 -23"><span class='ocrx_word' id='word_1_118' title='bbox 143 1834 402 1920; x_wconf 85' lang='lat' dir='ltr'><strong>species</strong></span> <span class='ocrx_word' id='word_1_119' title='bbox 441 1839 802 1920; x_wconf 73' lang='lat' dir='ltr'><strong>apparent.</strong></span> <span class='ocrx_word' id='word_1_120' title='bbox 2026 1887 2041 1916; x_wconf 74' lang='lat'><strong>,</strong></span> 
     </span>
    </p>

    <p class='ocr_par' dir='ltr' id='par_1_5' title="bbox 132 1937 2863 3635">
     <span class='ocr_line' id='line_1_16' title="bbox 311 1937 2847 2062; baseline -0.001 -55"><span class='ocrx_word' id='word_1_121' title='bbox 311 1937 492 2028; x_wconf 78' lang='lat' dir='ltr'><strong>Quas</strong></span> <span class='ocrx_word' id='word_1_122' title='bbox 539 1940 934 2062; x_wconf 76' lang='lat' dir='ltr'><strong>enumeravi</strong></span> <span class='ocrx_word' id='word_1_123' title='bbox 977 1941 1242 2028; x_wconf 84' lang='lat' dir='ltr'><strong>species</strong></span> <span class='ocrx_word' id='word_1_124' title='bbox 1289 1959 1512 2008; x_wconf 87' lang='lat' dir='ltr'><strong>omues</strong></span> <span class='ocrx_word' id='word_1_125' title='bbox 1557 1941 1703 2028; x_wconf 86' lang='lat' dir='ltr'><strong>ipse</strong></span> <span class='ocrx_word' id='word_1_126' title='bbox 1747 1939 2143 2028; x_wconf 62' lang='lat' dir='ltr'><strong>examinati,</strong></span> <span class='ocrx_word' id='word_1_127' title='bbox 2190 1941 2491 2028; x_wconf 78' lang='lat' dir='ltr'><strong>exceptis</strong></span> <span class='ocrx_word' id='word_1_128' title='bbox 2514 1939 2847 2006; x_wconf 80' lang='lat' dir='ltr'><strong>nonnullis</strong></span> 
     </span>
     <span class='ocr_line' id='line_1_17' title="bbox 137 2151 2845 2240; baseline 0.001 -24"><span class='ocrx_word' id='word_1_129' title='bbox 137 2159 466 2222; x_wconf 79' lang='lat' dir='ltr'><strong>auctorum</strong></span> <span class='ocrx_word' id='word_1_130' title='bbox 513 2155 1073 2240; x_wconf 81' lang='lat' dir='ltr'><strong>descriptionibus</strong></span> <span class='ocrx_word' id='word_1_131' title='bbox 1118 2155 1429 2226; x_wconf 79' lang='lat' dir='ltr'><strong>adhibitis</strong></span> <span class='ocrx_word' id='word_1_132' title='bbox 1473 2151 1730 2223; x_wconf 79' lang='lat' dir='ltr'><strong>addidi:</strong></span> <span class='ocrx_word' id='word_1_133' title='bbox 1778 2153 2067 2238; x_wconf 78' lang='lat' dir='ltr'><strong>reliquus</strong></span> <span class='ocrx_word' id='word_1_134' title='bbox 2110 2157 2191 2220; x_wconf 79' lang='lat' dir='ltr'><strong>ab</strong></span> <span class='ocrx_word' id='word_1_135' title='bbox 2235 2155 2609 2238; x_wconf 75' lang='lat' dir='ltr'><strong>auctoribus</strong></span> <span class='ocrx_word' id='word_1_136' title='bbox 2652 2155 2845 2220; x_wconf 87' lang='lat' dir='ltr'><strong>nimis</strong></span> 
     </span>
     <span class='ocr_line' id='line_1_18' title="bbox 139 2252 2847 2350; baseline 0.003 -28"><span class='ocrx_word' id='word_1_137' title='bbox 139 2277 364 2326; x_wconf 87' lang='lat' dir='ltr'><strong>mance</strong></span> <span class='ocrx_word' id='word_1_138' title='bbox 395 2259 770 2348; x_wconf 79' lang='lat' dir='ltr'><strong>descriptas</strong></span> <span class='ocrx_word' id='word_1_139' title='bbox 793 2267 864 2328; x_wconf 91' lang='lat' dir='ltr'><strong>et</strong></span> <span class='ocrx_word' id='word_1_140' title='bbox 901 2261 1093 2326; x_wconf 87' lang='lat' dir='ltr'><strong>nimis</strong></span> <span class='ocrx_word' id='word_1_141' title='bbox 1129 2252 1360 2340; x_wconf 81' lang='lat' dir='ltr'><strong>dubins</strong></span> <span class='ocrx_word' id='word_1_142' title='bbox 1407 2260 1658 2326; x_wconf 85' lang='lat' dir='ltr'><strong>omnino</strong></span> <span class='ocrx_word' id='word_1_143' title='bbox 1699 2259 1906 2326; x_wconf 89' lang='lat' dir='ltr'><strong>omisi.</strong></span> <span class='ocrx_word' id='word_1_144' title='bbox 1965 2257 2607 2328; x_wconf 76' lang='lat' dir='ltr'><strong>Grnveuliorstianos</strong></span> <span class='ocrx_word' id='word_1_145' title='bbox 2648 2269 2847 2350; x_wconf 84' lang='lat' dir='ltr'><strong>typos</strong></span> 
     </span>
     <span class='ocr_line' id='line_1_19' title="bbox 132 2364 2835 2464; baseline 0.004 -36"><span class='ocrx_word' id='word_1_146' title='bbox 132 2364 438 2451; x_wconf 86' lang='lat' dir='ltr'><strong>plurimos</strong></span> <span class='ocrx_word' id='word_1_147' title='bbox 481 2367 550 2434; x_wconf 89' lang='lat' dir='ltr'><strong>in</strong></span> <span class='ocrx_word' id='word_1_148' title='bbox 605 2367 840 2436; x_wconf 77' lang='lat' dir='ltr'><strong>Museo</strong></span> <span class='ocrx_word' id='word_1_149' title='bbox 882 2367 1105 2458; x_wconf 72' lang='lat' dir='ltr'><strong>Regio</strong></span> <span class='ocrx_word' id='word_1_150' title='bbox 1151 2373 1556 2454; x_wconf 74' lang='lat' dir='ltr'><strong>asservatos,</strong></span> <span class='ocrx_word' id='word_1_151' title='bbox 1603 2367 1944 2434; x_wconf 87' lang='lat' dir='ltr'><strong>nonnullos</strong></span> <span class='ocrx_word' id='word_1_152' title='bbox 1986 2367 2071 2434; x_wconf 76' lang='lat' dir='ltr'><strong>ab</strong></span> <span class='ocrx_word' id='word_1_153' title='bbox 2117 2375 2383 2436; x_wconf 75' lang='lat' dir='ltr'><strong>auctore</strong></span> <span class='ocrx_word' id='word_1_154' title='bbox 2430 2369 2579 2464; x_wconf 72' lang='lat' dir='ltr'><strong>ipso=</strong></span> <span class='ocrx_word' id='word_1_155' title='bbox 2616 2378 2835 2438; x_wconf 78' lang='lat' dir='ltr'><strong>trans-</strong></span> 
     </span>
     <span class='ocr_line' id='line_1_20' title="bbox 132 2472 2838 2564; baseline 0.003 -26"><span class='ocrx_word' id='word_1_156' title='bbox 132 2474 364 2545; x_wconf 80' lang='lat' dir='ltr'><strong>missos</strong></span> <span class='ocrx_word' id='word_1_157' title='bbox 397 2473 730 2548; x_wconf 70' lang='lat' dir='ltr'><strong>lustravi:</strong></span> <span class='ocrx_word' id='word_1_158' title='bbox 771 2474 1142 2564; x_wconf 82' lang='lat' dir='ltr'><strong>specierum</strong></span> <span class='ocrx_word' id='word_1_159' title='bbox 1167 2473 1812 2563; x_wconf 73' lang='lat' dir='ltr'><strong>Gyllenhalinuarnm</strong></span> <span class='ocrx_word' id='word_1_160' title='bbox 1846 2472 2301 2560; x_wconf 75' lang='lat' dir='ltr'><strong>plerarumque</strong></span> <span class='ocrx_word' id='word_1_161' title='bbox 2342 2475 2701 2562; x_wconf 72' lang='lat' dir='ltr'><strong>specimina</strong></span> <span class='ocrx_word' id='word_1_162' title='bbox 2750 2479 2838 2546; x_wconf 70' lang='lat' dir='ltr'><strong>ab</strong></span> 
     </span>
     <span class='ocr_line' id='line_1_21' title="bbox 136 2577 2841 2669; baseline 0.003 -24"><span class='ocrx_word' id='word_1_163' title='bbox 136 2587 393 2648; x_wconf 87' lang='lat' dir='ltr'><strong>auctore</strong></span> <span class='ocrx_word' id='word_1_164' title='bbox 439 2587 514 2651; x_wconf 90' lang='lat' dir='ltr'><strong>et</strong></span> <span class='ocrx_word' id='word_1_165' title='bbox 559 2601 610 2649; x_wconf 78' lang='lat' dir='ltr'><strong>a</strong></span> <span class='ocrx_word' id='word_1_166' title='bbox 653 2581 780 2649; x_wconf 90' lang='lat' dir='ltr'><strong>cel.</strong></span> <span class='ocrx_word' id='word_1_167' title='bbox 823 2577 1244 2649; x_wconf 74' lang='lat' dir='ltr'><strong>Schonherro</strong></span> <span class='ocrx_word' id='word_1_168' title='bbox 1307 2583 1550 2665; x_wconf 70' lang='lat' dir='ltr'><strong>missu,</strong></span> <span class='ocrx_word' id='word_1_169' title='bbox 1603 2600 1648 2651; x_wconf 88' lang='lat' dir='ltr'><strong>a</strong></span> <span class='ocrx_word' id='word_1_170' title='bbox 1699 2577 2106 2669; x_wconf 79' lang='lat' dir='ltr'><strong>Schi‘ippelio</strong></span> <span class='ocrx_word' id='word_1_171' title='bbox 2160 2588 2233 2649; x_wconf 89' lang='lat' dir='ltr'><strong>et</strong></span> <span class='ocrx_word' id='word_1_172' title='bbox 2286 2580 2605 2650; x_wconf 74' lang='lat' dir='ltr'><strong>German-o</strong></span> <span class='ocrx_word' id='word_1_173' title='bbox 2662 2603 2841 2653; x_wconf 83' lang='lat' dir='ltr'><strong>com-</strong></span> 
     </span>
     <span class='ocr_line' id='line_1_22' title="bbox 137 2688 2839 2779; baseline 0.003 -28"><span class='ocrx_word' id='word_1_174' title='bbox 137 2691 486 2777; x_wconf 84' lang='lat' dir='ltr'><strong>municata,</strong></span> <span class='ocrx_word' id='word_1_175' title='bbox 555 2688 700 2755; x_wconf 73' lang='lat' dir='ltr'><strong>vidi</strong></span> <span class='ocrx_word' id='word_1_176' title='bbox 721 2736 746 2775; x_wconf 88' lang='lat'><strong>,</strong></span> <span class='ocrx_word' id='word_1_177' title='bbox 801 2689 977 2759; x_wconf 88' lang='lat' dir='ltr'><strong>unde</strong></span> <span class='ocrx_word' id='word_1_178' title='bbox 1005 2691 1574 2779; x_wconf 77' lang='lat' dir='ltr'><strong>gravissimorum</strong></span> <span class='ocrx_word' id='word_1_179' title='bbox 1635 2688 1861 2759; x_wconf 81' lang='lat' dir='ltr'><strong>horum</strong></span> <span class='ocrx_word' id='word_1_180' title='bbox 1902 2696 2237 2759; x_wconf 75' lang='lat' dir='ltr'><strong>auctorum</strong></span> <span class='ocrx_word' id='word_1_181' title='bbox 2293 2690 2683 2777; x_wconf 85' lang='lat' dir='ltr'><strong>synonymia</strong></span> <span class='ocrx_word' id='word_1_182' title='bbox 2726 2692 2839 2758; x_wconf 80' lang='lat' dir='ltr'><strong>vix</strong></span> 
     </span>
     <span class='ocr_line' id='line_1_23' title="bbox 141 2794 2841 2889; baseline 0.003 -32"><span class='ocrx_word' id='word_1_183' title='bbox 141 2810 404 2881; x_wconf 71' lang='lat' dir='ltr'><strong>unquam</strong></span> <span class='ocrx_word' id='word_1_184' title='bbox 464 2795 674 2863; x_wconf 77' lang='lat' dir='ltr'><strong>dubia</strong></span> <span class='ocrx_word' id='word_1_185' title='bbox 719 2798 1052 2872; x_wconf 79' lang='lat' dir='ltr'><strong>remansit.</strong></span> <span class='ocrx_word' id='word_1_186' title='bbox 1133 2794 1564 2883; x_wconf 72' lang='lat' dir='ltr'><strong>staphylinos</strong></span> <span class='ocrx_word' id='word_1_187' title='bbox 1593 2814 1851 2883; x_wconf 81' lang='lat' dir='ltr'><strong>quoque</strong></span> <span class='ocrx_word' id='word_1_188' title='bbox 1896 2814 1939 2865; x_wconf 84' lang='lat' dir='ltr'><strong>a</strong></span> <span class='ocrx_word' id='word_1_189' title='bbox 1984 2797 2256 2889; x_wconf 76' lang='lat' dir='ltr'><strong>reliqu-is</strong></span> <span class='ocrx_word' id='word_1_190' title='bbox 2298 2796 2671 2863; x_wconf 76' lang='lat' dir='ltr'><strong>auctoribus</strong></span> <span class='ocrx_word' id='word_1_191' title='bbox 2717 2797 2841 2864; x_wconf 90' lang='lat' dir='ltr'><strong>de·-</strong></span> 
     </span>
     <span class='ocr_line' id='line_1_24' title="bbox 135 2898 2842 2997; baseline 0.002 -32"><span class='ocrx_word' id='word_1_192' title='bbox 135 2900 406 2986; x_wconf 86' lang='lat' dir='ltr'><strong>scriptos</strong></span> <span class='ocrx_word' id='word_1_193' title='bbox 450 2898 819 2997; x_wconf 64' lang='lat' dir='ltr'><strong>plerosque</strong></span> <span class='ocrx_word' id='word_1_194' title='bbox 871 2920 1285 2993; x_wconf 81' lang='lat' dir='ltr'><strong>cognoscere</strong></span> <span class='ocrx_word' id='word_1_195' title='bbox 1339 2904 1494 2971; x_wconf 85' lang='lat' dir='ltr'><strong>mihi</strong></span> <span class='ocrx_word' id='word_1_196' title='bbox 1557 2904 1867 2970; x_wconf 85' lang='lat' dir='ltr'><strong>succesit.</strong></span> <span class='ocrx_word' id='word_1_197' title='bbox 1978 2901 2263 2990; x_wconf 88' lang='lat' dir='ltr'><strong>Species</strong></span> <span class='ocrx_word' id='word_1_198' title='bbox 2320 2910 2533 2971; x_wconf 84' lang='lat' dir='ltr'><strong>autem</strong></span> <span class='ocrx_word' id='word_1_199' title='bbox 2597 2905 2842 2989; x_wconf 74' lang='lat' dir='ltr'><strong>Angli-</strong></span> 
     </span>
     <span class='ocr_line' id='line_1_25' title="bbox 136 3008 2838 3101; baseline 0.004 -30"><span class='ocrx_word' id='word_1_200' title='bbox 136 3022 247 3072; x_wconf 76' lang='lat' dir='ltr'><strong>cue</strong></span> <span class='ocrx_word' id='word_1_201' title='bbox 319 3024 728 3075; x_wconf 79' lang='lat' dir='ltr'><strong>numerosae</strong></span> <span class='ocrx_word' id='word_1_202' title='bbox 801 3028 844 3076; x_wconf 81' lang='lat' dir='ltr'><strong>n</strong></span> <span class='ocrx_word' id='word_1_203' title='bbox 925 3008 1435 3101; x_wconf 72' lang='lat' dir='ltr'><strong>Stephemsio</strong></span> <span class='ocrx_word' id='word_1_204' title='bbox 1494 3009 1715 3077; x_wconf 78' lang='lat' dir='ltr'><strong>editae</strong></span> <span class='ocrx_word' id='word_1_205' title='bbox 1797 3008 1950 3077; x_wconf 83' lang='lat' dir='ltr'><strong>mihi</strong></span> <span class='ocrx_word' id='word_1_206' title='bbox 2008 3009 2182 3079; x_wconf 77' lang='lat' dir='ltr'><strong>haud</strong></span> <span class='ocrx_word' id='word_1_207' title='bbox 2238 3010 2601 3077; x_wconf 77' lang='lat' dir='ltr'><strong>extricutne</strong></span> <span class='ocrx_word' id='word_1_208' title='bbox 2652 3020 2838 3081; x_wconf 74' lang='lat' dir='ltr'><strong>sunt:</strong></span> 
     </span>
     <span class='ocr_line' id='line_1_26' title="bbox 137 3110 2837 3206; baseline 0.003 -31"><span class='ocrx_word' id='word_1_209' title='bbox 137 3110 290 3178; x_wconf 88' lang='lat' dir='ltr'><strong>libro</strong></span> <span class='ocrx_word' id='word_1_210' title='bbox 335 3113 524 3182; x_wconf 88' lang='lat' dir='ltr'><strong>illius</strong></span> <span class='ocrx_word' id='word_1_211' title='bbox 568 3112 658 3181; x_wconf 91' lang='lat' dir='ltr'><strong>de</strong></span> <span class='ocrx_word' id='word_1_212' title='bbox 679 3116 1143 3206; x_wconf 81' lang='lat' dir='ltr'><strong>Entomologiu</strong></span> <span class='ocrx_word' id='word_1_213' title='bbox 1165 3118 1525 3185; x_wconf 79' lang='lat' dir='ltr'><strong>Brittanica</strong></span> <span class='ocrx_word' id='word_1_214' title='bbox 1567 3118 1819 3205; x_wconf 85' lang='lat' dir='ltr'><strong>petenti</strong></span> <span class='ocrx_word' id='word_1_215' title='bbox 1862 3117 2014 3183; x_wconf 86' lang='lat' dir='ltr'><strong>mibi</strong></span> <span class='ocrx_word' id='word_1_216' title='bbox 2058 3136 2099 3183; x_wconf 79' lang='lat' dir='ltr'><strong>a</strong></span> <span class='ocrx_word' id='word_1_217' title='bbox 2142 3116 2263 3183; x_wconf 90' lang='lat' dir='ltr'><strong>cel.</strong></span> <span class='ocrx_word' id='word_1_218' title='bbox 2312 3115 2395 3181; x_wconf 91' lang='lat' dir='ltr'><strong>D.</strong></span> <span class='ocrx_word' id='word_1_219' title='bbox 2438 3135 2569 3182; x_wconf 87' lang='lat' dir='ltr'><strong>von</strong></span> <span class='ocrx_word' id='word_1_220' title='bbox 2614 3116 2837 3204; x_wconf 83' lang='lat' dir='ltr'><strong>Hey-</strong></span> 
     </span>
     <span class='ocr_line' id='line_1_27' title="bbox 135 3215 2839 3313; baseline 0.002 -29"><span class='ocrx_word' id='word_1_221' title='bbox 135 3216 342 3308; x_wconf 61' lang='lat' dir='ltr'><strong>den,</strong></span> <span class='ocrx_word' id='word_1_222' title='bbox 375 3215 680 3289; x_wconf 81' lang='lat' dir='ltr'><strong>Consule</strong></span> <span class='ocrx_word' id='word_1_223' title='bbox 722 3222 1336 3311; x_wconf 69' lang='lat' dir='ltr'><strong>Francoi&#39;urthensi,</strong></span> <span class='ocrx_word' id='word_1_224' title='bbox 1398 3224 1689 3313; x_wconf 86' lang='lat' dir='ltr'><strong>benigue</strong></span> <span class='ocrx_word' id='word_1_225' title='bbox 1736 3224 2198 3292; x_wconf 81' lang='lat' dir='ltr'><strong>communicato</strong></span> <span class='ocrx_word' id='word_1_226' title='bbox 2245 3229 2314 3290; x_wconf 91' lang='lat' dir='ltr'><strong>et</strong></span> <span class='ocrx_word' id='word_1_227' title='bbox 2368 3224 2512 3291; x_wconf 89' lang='lat' dir='ltr'><strong>usui</strong></span> <span class='ocrx_word' id='word_1_228' title='bbox 2572 3224 2839 3312; x_wconf 87' lang='lat' dir='ltr'><strong>longin-</strong></span> 
     </span>
     <span class='ocr_line' id='line_1_28' title="bbox 138 3328 2863 3423; baseline 0.003 -33"><span class='ocrx_word' id='word_1_229' title='bbox 138 3344 257 3411; x_wconf 89' lang='lat' dir='ltr'><strong>quo</strong></span> <span class='ocrx_word' id='word_1_230' title='bbox 306 3328 681 3413; x_wconf 81' lang='lat' dir='ltr'><strong>commisso,</strong></span> <span class='ocrx_word' id='word_1_231' title='bbox 724 3338 798 3397; x_wconf 89' lang='lat' dir='ltr'><strong>ut</strong></span> <span class='ocrx_word' id='word_1_232' title='bbox 839 3332 1102 3422; x_wconf 88' lang='lat' dir='ltr'><strong>species</strong></span> <span class='ocrx_word' id='word_1_233' title='bbox 1145 3351 1264 3423; x_wconf 88' lang='lat' dir='ltr'><strong>pro</strong></span> <span class='ocrx_word' id='word_1_234' title='bbox 1322 3334 1518 3397; x_wconf 88' lang='lat' dir='ltr'><strong>novis</strong></span> <span class='ocrx_word' id='word_1_235' title='bbox 1575 3330 1945 3419; x_wconf 80' lang='lat' dir='ltr'><strong>descriptus</strong></span> <span class='ocrx_word' id='word_1_236' title='bbox 1999 3332 2310 3419; x_wconf 79' lang='lat' dir='ltr'><strong>plurimas</strong></span> <span class='ocrx_word' id='word_1_237' title='bbox 2360 3348 2863 3417; x_wconf 88' lang='lat' dir='ltr'><strong>cognoscerem-</strong></span> 
     </span>
     <span class='ocr_line' id='line_1_29' title="bbox 137 3436 2836 3528; baseline 0.003 -32"><span class='ocrx_word' id='word_1_238' title='bbox 137 3452 442 3505; x_wconf 84' lang='lat' dir='ltr'><strong>summum</strong></span> <span class='ocrx_word' id='word_1_239' title='bbox 488 3436 758 3521; x_wconf 84' lang='lat' dir='ltr'><strong>quidem</strong></span> <span class='ocrx_word' id='word_1_240' title='bbox 802 3436 1083 3505; x_wconf 90' lang='lat' dir='ltr'><strong>studium</strong></span> <span class='ocrx_word' id='word_1_241' title='bbox 1129 3438 1416 3528; x_wconf 79' lang='lat' dir='ltr'><strong>adhibui,</strong></span> <span class='ocrx_word' id='word_1_242' title='bbox 1461 3456 1588 3525; x_wconf 86' lang='lat' dir='ltr'><strong>quo</strong></span> <span class='ocrx_word' id='word_1_243' title='bbox 1623 3456 2094 3525; x_wconf 75' lang='lat' dir='ltr'><strong>saepenumero</strong></span> <span class='ocrx_word' id='word_1_244' title='bbox 2136 3439 2393 3519; x_wconf 77' lang='lat' dir='ltr'><strong>iterato,</strong></span> <span class='ocrx_word' id='word_1_245' title='bbox 2416 3456 2681 3523; x_wconf 87' lang='lat' dir='ltr'><strong>semper</strong></span> <span class='ocrx_word' id='word_1_246' title='bbox 2723 3456 2836 3507; x_wconf 78' lang='lat' dir='ltr'><strong>au-</strong></span> 
     </span>
     <span class='ocr_line' id='line_1_30' title="bbox 139 3541 2839 3635; baseline 0.001 -28"><span class='ocrx_word' id='word_1_247' title='bbox 139 3544 256 3607; x_wconf 83' lang='lat' dir='ltr'><strong>tem</strong></span> <span class='ocrx_word' id='word_1_248' title='bbox 313 3541 475 3629; x_wconf 83' lang='lat' dir='ltr'><strong>pari</strong></span> <span class='ocrx_word' id='word_1_249' title='bbox 532 3542 724 3609; x_wconf 85' lang='lat' dir='ltr'><strong>modo</strong></span> <span class='ocrx_word' id='word_1_250' title='bbox 793 3544 1140 3631; x_wconf 79' lang='lat' dir='ltr'><strong>frustrato,</strong></span> <span class='ocrx_word' id='word_1_251' title='bbox 1209 3545 1470 3616; x_wconf 77' lang='lat' dir='ltr'><strong>tandem</strong></span> <span class='ocrx_word' id='word_1_252' title='bbox 1529 3564 1658 3613; x_wconf 87' lang='lat' dir='ltr'><strong>non</strong></span> <span class='ocrx_word' id='word_1_253' title='bbox 1717 3547 1863 3614; x_wconf 86' lang='lat' dir='ltr'><strong>sine</strong></span> <span class='ocrx_word' id='word_1_254' title='bbox 1922 3546 2175 3635; x_wconf 77' lang='lat' dir='ltr'><strong>taedio,</strong></span> <span class='ocrx_word' id='word_1_255' title='bbox 2244 3545 2401 3613; x_wconf 89' lang='lat' dir='ltr'><strong>licet</strong></span> <span class='ocrx_word' id='word_1_256' title='bbox 2452 3544 2697 3611; x_wconf 79' lang='lat' dir='ltr'><strong>invitus</strong></span> <span class='ocrx_word' id='word_1_257' title='bbox 2753 3548 2839 3615; x_wconf 77' lang='lat' dir='ltr'><strong>ab</strong></span> 
     </span>
    </p>
   </div>
   <div class='ocr_carea' id='block_1_5' title="bbox 141 3642 3085 3745">
    <p class='ocr_par' dir='ltr' id='par_1_6' title="bbox 141 3642 3085 3745">
     <span class='ocr_line' id='line_1_31' title="bbox 141 3642 3085 3745; baseline 0.004 -32"><span class='ocrx_word' id='word_1_258' title='bbox 141 3644 251 3714; x_wconf 81' lang='lat' dir='ltr'><strong>hoc</strong></span> <span class='ocrx_word' id='word_1_259' title='bbox 293 3667 510 3736; x_wconf 83' lang='lat' dir='ltr'><strong>opere</strong></span> <span class='ocrx_word' id='word_1_260' title='bbox 555 3647 844 3734; x_wconf 84' lang='lat' dir='ltr'><strong>decessi,</strong></span> <span class='ocrx_word' id='word_1_261' title='bbox 887 3651 1051 3719; x_wconf 83' lang='lat' dir='ltr'><strong>nihil</strong></span> <span class='ocrx_word' id='word_1_262' title='bbox 1095 3642 1520 3739; x_wconf 78' lang='lat' dir='ltr'><strong>persecutus,</strong></span> <span class='ocrx_word' id='word_1_263' title='bbox 1573 3652 1704 3718; x_wconf 88' lang='lat' dir='ltr'><strong>nisi</strong></span> <span class='ocrx_word' id='word_1_264' title='bbox 1750 3651 1921 3745; x_wconf 87' lang='lat' dir='ltr'><strong>quod</strong></span> <span class='ocrx_word' id='word_1_265' title='bbox 1982 3671 2275 3743; x_wconf 80' lang='lat' dir='ltr'><strong>genera,</strong></span> <span class='ocrx_word' id='word_1_266' title='bbox 2334 3650 2568 3741; x_wconf 84' lang='lat' dir='ltr'><strong>quibus</strong></span> <span class='ocrx_word' id='word_1_267' title='bbox 2628 3654 2849 3744; x_wconf 37' lang='lat' dir='ltr'><strong>Angli,</strong></span> <span class='ocrx_word' id='word_1_268' title='bbox 2983 3718 2995 3737; x_wconf 81' lang='grc'><strong>,</strong></span> <span class='ocrx_word' id='word_1_269' title='bbox 3068 3686 3085 3699; x_wconf 87' lang='grc'><em>·</em></span> 
     </span>
    </p>
   </div>
   <div class='ocr_carea' id='block_1_6' title="bbox 145 3759 2941 4813">
    <p class='ocr_par' dir='ltr' id='par_1_7' title="bbox 145 3759 2840 4366">
     <span class='ocr_line' id='line_1_32' title="bbox 145 3759 2837 3848; baseline 0.002 -29"><span class='ocrx_word' id='word_1_270' title='bbox 145 3762 410 3847; x_wconf 82' lang='lat' dir='ltr'><strong>utuntur,</strong></span> <span class='ocrx_word' id='word_1_271' title='bbox 467 3774 908 3838; x_wconf 80' lang='lat' dir='ltr'><strong>recenserem,</strong></span> <span class='ocrx_word' id='word_1_272' title='bbox 933 3766 1002 3825; x_wconf 89' lang='lat' dir='ltr'><strong>et</strong></span> <span class='ocrx_word' id='word_1_273' title='bbox 1043 3761 1411 3847; x_wconf 84' lang='lat' dir='ltr'><strong>specierum</strong></span> <span class='ocrx_word' id='word_1_274' title='bbox 1454 3760 1680 3827; x_wconf 86' lang='lat' dir='ltr'><strong>icones</strong></span> <span class='ocrx_word' id='word_1_275' title='bbox 1724 3759 1809 3826; x_wconf 79' lang='lat' dir='ltr'><strong>ab</strong></span> <span class='ocrx_word' id='word_1_276' title='bbox 1857 3759 2348 3848; x_wconf 76' lang='lat' dir='ltr'><strong>elegantissimo</strong></span> <span class='ocrx_word' id='word_1_277' title='bbox 2373 3759 2643 3825; x_wconf 83' lang='lat' dir='ltr'><strong>Westw</strong></span> <span class='ocrx_word' id='word_1_278' title='bbox 2650 3760 2837 3826; x_wconf 86' lang='lat' dir='ltr'><strong>nodio</strong></span> 
     </span>
     <span class='ocr_line' id='line_1_33' title="bbox 145 3861 2840 3961; baseline 0.003 -36"><span class='ocrx_word' id='word_1_279' title='bbox 145 3861 338 3945; x_wconf 74' lang='lat' dir='ltr'><strong>pictus</strong></span> <span class='ocrx_word' id='word_1_280' title='bbox 395 3862 798 3953; x_wconf 77' lang='lat' dir='ltr'><strong>allegarem.</strong></span> <span class='ocrx_word' id='word_1_281' title='bbox 887 3864 1182 3935; x_wconf 81' lang='lat' dir='ltr'><strong>Videant</strong></span> <span class='ocrx_word' id='word_1_282' title='bbox 1223 3867 1534 3955; x_wconf 88' lang='lat' dir='ltr'><strong>perinde,</strong></span> <span class='ocrx_word' id='word_1_283' title='bbox 1593 3866 1702 3961; x_wconf 85' lang='lat' dir='ltr'><strong>qui</strong></span> <span class='ocrx_word' id='word_1_284' title='bbox 1749 3866 2233 3955; x_wconf 81' lang='lat' dir='ltr'><strong>cognoscendis</strong></span> <span class='ocrx_word' id='word_1_285' title='bbox 2276 3865 2456 3953; x_wconf 81' lang='lat' dir='ltr'><strong>typis</strong></span> <span class='ocrx_word' id='word_1_286' title='bbox 2500 3864 2840 3951; x_wconf 84' lang='lat' dir='ltr'><strong>Stephen-</strong></span> 
     </span>
     <span class='ocr_line' id='line_1_34' title="bbox 146 3966 2839 4062; baseline 0.003 -28"><span class='ocrx_word' id='word_1_287' title='bbox 146 3966 334 4036; x_wconf 69' lang='grc' dir='ltr'><strong>εἱαιιὶε</strong></span> <span class='ocrx_word' id='word_1_288' title='bbox 374 3976 893 4058; x_wconf 79' lang='lat' dir='ltr'><strong>prosperantur,</strong></span> <span class='ocrx_word' id='word_1_289' title='bbox 940 3980 1016 4040; x_wconf 86' lang='lat' dir='ltr'><strong>ut</strong></span> <span class='ocrx_word' id='word_1_290' title='bbox 1059 3971 1446 4062; x_wconf 82' lang='lat' dir='ltr'><strong>speciebus,</strong></span> <span class='ocrx_word' id='word_1_291' title='bbox 1493 3992 1915 4060; x_wconf 84' lang='lat' dir='ltr'><strong>quascunque</strong></span> <span class='ocrx_word' id='word_1_292' title='bbox 1960 3974 2044 4044; x_wconf 75' lang='lat' dir='ltr'><strong>ab</strong></span> <span class='ocrx_word' id='word_1_293' title='bbox 2086 3974 2201 4041; x_wconf 89' lang='lat' dir='ltr'><strong>illo</strong></span> <span class='ocrx_word' id='word_1_294' title='bbox 2244 3974 2429 4062; x_wconf 89' lang='lat' dir='ltr'><strong>prius</strong></span> <span class='ocrx_word' id='word_1_295' title='bbox 2472 3972 2839 4057; x_wconf 80' lang='lat' dir='ltr'><strong>descriptus</strong></span> 
     </span>
     <span class='ocr_line' id='line_1_35' title="bbox 150 4076 2833 4170; baseline 0.003 -31"><span class='ocrx_word' id='word_1_296' title='bbox 150 4076 497 4165; x_wconf 85' lang='lat' dir='ltr'><strong>reperiunt,</strong></span> <span class='ocrx_word' id='word_1_297' title='bbox 549 4076 806 4148; x_wconf 76' lang='lat' dir='ltr'><strong>nomina</strong></span> <span class='ocrx_word' id='word_1_298' title='bbox 848 4082 1066 4167; x_wconf 77' lang='lat' dir='ltr'><strong>priora</strong></span> <span class='ocrx_word' id='word_1_299' title='bbox 1111 4082 1430 4149; x_wconf 79' lang='lat' dir='ltr'><strong>scientiae</strong></span> <span class='ocrx_word' id='word_1_300' title='bbox 1483 4098 1524 4147; x_wconf 90' lang='lat' dir='ltr'><strong>e</strong></span> <span class='ocrx_word' id='word_1_301' title='bbox 1579 4078 1857 4170; x_wconf 78' lang='lat' dir='ltr'><strong>legibus</strong></span> <span class='ocrx_word' id='word_1_302' title='bbox 1888 4080 2269 4148; x_wconf 77' lang='lat' dir='ltr'><strong>restituant:</strong></span> <span class='ocrx_word' id='word_1_303' title='bbox 2310 4079 2631 4148; x_wconf 75' lang='lat' dir='ltr'><strong>vocabula</strong></span> <span class='ocrx_word' id='word_1_304' title='bbox 2674 4094 2833 4148; x_wconf 83' lang='lat' dir='ltr'><strong>uon-</strong></span> 
     </span>
     <span class='ocr_line' id='line_1_36' title="bbox 150 4182 2839 4313; baseline -0 -59"><span class='ocrx_word' id='word_1_305' title='bbox 150 4182 310 4254; x_wconf 72' lang='lat' dir='ltr'><strong>nullo</strong></span> <span class='ocrx_word' id='word_1_306' title='bbox 333 4198 398 4255; x_wconf 71' lang='grc' dir='ltr'><strong>ἰ</strong></span> <span class='ocrx_word' id='word_1_307' title='bbox 444 4201 553 4251; x_wconf 87' lang='lat' dir='ltr'><strong>me</strong></span> <span class='ocrx_word' id='word_1_308' title='bbox 596 4188 930 4279; x_wconf 76' lang='lat' dir='ltr'><strong>proposita</strong></span> <span class='ocrx_word' id='word_1_309' title='bbox 971 4189 1262 4279; x_wconf 73' lang='lat' dir='ltr'><strong>peritura</strong></span> <span class='ocrx_word' id='word_1_310' title='bbox 1307 4188 1450 4313; x_wconf 80' lang='lat' dir='ltr'><strong>fore</strong></span> <span class='ocrx_word' id='word_1_311' title='bbox 1491 4205 1717 4274; x_wconf 76' lang='lat' dir='ltr'><strong>purum</strong></span> <span class='ocrx_word' id='word_1_312' title='bbox 1772 4186 2011 4255; x_wconf 80' lang='lat' dir='ltr'><strong>refert.</strong></span> <span class='ocrx_word' id='word_1_313' title='bbox 2072 4188 2444 4257; x_wconf 76' lang='lat' dir='ltr'><strong>observatis</strong></span> <span class='ocrx_word' id='word_1_314' title='bbox 2498 4184 2839 4256; x_wconf 73' lang='lat' dir='ltr'><strong>scientium</strong></span> 
     </span>
     <span class='ocr_line' id='line_1_37' title="bbox 159 4291 674 4366; baseline 0.012 -13"><span class='ocrx_word' id='word_1_315' title='bbox 159 4291 420 4359; x_wconf 81' lang='lat' dir='ltr'><strong>auxisse</strong></span> <span class='ocrx_word' id='word_1_316' title='bbox 461 4292 674 4366; x_wconf 73' lang='lat' dir='ltr'><strong>iuvat.</strong></span> 
     </span>
    </p>

    <p class='ocr_par' dir='ltr' id='par_1_8' title="bbox 155 4395 2941 4813">
     <span class='ocr_line' id='line_1_38' title="bbox 313 4395 2837 4489; baseline 0.001 -24"><span class='ocrx_word' id='word_1_317' title='bbox 313 4395 556 4467; x_wconf 85' lang='lat' dir='ltr'><strong>Studio</strong></span> <span class='ocrx_word' id='word_1_318' title='bbox 605 4417 754 4471; x_wconf 86' lang='lat' dir='ltr'><strong>meo</strong></span> <span class='ocrx_word' id='word_1_319' title='bbox 811 4419 1061 4471; x_wconf 83' lang='lat' dir='ltr'><strong>summa</strong></span> <span class='ocrx_word' id='word_1_320' title='bbox 1116 4400 1304 4469; x_wconf 80' lang='lat' dir='ltr'><strong>Dum.</strong></span> <span class='ocrx_word' id='word_1_321' title='bbox 1361 4401 1543 4471; x_wconf 83' lang='lat' dir='ltr'><strong>Prof.</strong></span> <span class='ocrx_word' id='word_1_322' title='bbox 1596 4400 1897 4489; x_wconf 83' lang='lat' dir='ltr'><strong>Klugii</strong></span> <span class='ocrx_word' id='word_1_323' title='bbox 1952 4398 2409 4469; x_wconf 79' lang='lat' dir='ltr'><strong>benevolentia</strong></span> <span class='ocrx_word' id='word_1_324' title='bbox 2454 4400 2837 4471; x_wconf 79' lang='lat' dir='ltr'><strong>commissae</strong></span> 
     </span>
     <span class='ocr_line' id='line_1_39' title="bbox 160 4504 2839 4595; baseline 0.002 -28"><span class='ocrx_word' id='word_1_325' title='bbox 160 4510 336 4572; x_wconf 78' lang='lat' dir='ltr'><strong>erant</strong></span> <span class='ocrx_word' id='word_1_326' title='bbox 375 4526 540 4595; x_wconf 84' lang='lat' dir='ltr'><strong>opes</strong></span> <span class='ocrx_word' id='word_1_327' title='bbox 578 4505 801 4576; x_wconf 80' lang='lat' dir='ltr'><strong>Musei</strong></span> <span class='ocrx_word' id='word_1_328' title='bbox 843 4508 1048 4595; x_wconf 85' lang='lat' dir='ltr'><strong>Regii</strong></span> <span class='ocrx_word' id='word_1_329' title='bbox 1093 4507 1570 4591; x_wconf 87' lang='lat' dir='ltr'><strong>Berolinensis,</strong></span> <span class='ocrx_word' id='word_1_330' title='bbox 1627 4508 2011 4577; x_wconf 87' lang='lat' dir='ltr'><strong>collectione</strong></span> <span class='ocrx_word' id='word_1_331' title='bbox 2054 4504 2394 4595; x_wconf 79' lang='lat' dir='ltr'><strong>Hellwig-</strong></span> <span class='ocrx_word' id='word_1_332' title='bbox 2420 4504 2839 4577; x_wconf 76' lang='lat' dir='ltr'><strong>Hoffmanns-</strong></span> 
     </span>
     <span class='ocr_line' id='line_1_40' title="bbox 155 4610 2941 4703; baseline 0.002 -30"><span class='ocrx_word' id='word_1_333' title='bbox 155 4610 442 4699; x_wconf 76' lang='lat' dir='ltr'><strong>eggiana</strong></span> <span class='ocrx_word' id='word_1_334' title='bbox 486 4612 646 4683; x_wconf 81' lang='lat' dir='ltr'><strong>olim</strong></span> <span class='ocrx_word' id='word_1_335' title='bbox 689 4614 1202 4703; x_wconf 85' lang='lat' dir='ltr'><strong>locupletissima</strong></span> <span class='ocrx_word' id='word_1_336' title='bbox 1259 4622 1328 4683; x_wconf 88' lang='lat' dir='ltr'><strong>et</strong></span> <span class='ocrx_word' id='word_1_337' title='bbox 1385 4613 1815 4686; x_wconf 76' lang='lat' dir='ltr'><strong>celeberrima</strong></span> <span class='ocrx_word' id='word_1_338' title='bbox 1876 4613 2152 4698; x_wconf 87' lang='lat' dir='ltr'><strong>conditi,</strong></span> <span class='ocrx_word' id='word_1_339' title='bbox 2210 4612 2595 4681; x_wconf 87' lang='lat' dir='ltr'><strong>collectione</strong></span> <span class='ocrx_word' id='word_1_340' title='bbox 2653 4613 2841 4685; x_wconf 87' lang='lat' dir='ltr'><strong>Kuo-</strong></span> <span class='ocrx_word' id='word_1_341' title='bbox 2936 4655 2941 4664; x_wconf 87' lang='lat'>·</span> 
     </span>
     <span class='ocr_line' id='line_1_41' title="bbox 156 4713 2841 4813; baseline 0 -30"><span class='ocrx_word' id='word_1_342' title='bbox 156 4714 372 4789; x_wconf 71' lang='lat' dir='ltr'><strong>chiam</strong></span> <span class='ocrx_word' id='word_1_343' title='bbox 410 4726 546 4791; x_wconf 85' lang='lat' dir='ltr'><strong>etc.</strong></span> <span class='ocrx_word' id='word_1_344' title='bbox 590 4722 794 4809; x_wconf 73' lang='lat' dir='ltr'><strong>aucti,</strong></span> <span class='ocrx_word' id='word_1_345' title='bbox 838 4718 1255 4812; x_wconf 86' lang='lat' dir='ltr'><strong>plurimorum</strong></span> <span class='ocrx_word' id='word_1_346' title='bbox 1300 4722 1870 4813; x_wconf 71' lang='lat' dir='ltr'><strong>peregrindtorum</strong></span> <span class='ocrx_word' id='word_1_347' title='bbox 1917 4718 2211 4787; x_wconf 86' lang='lat' dir='ltr'><strong>collectis</strong></span> <span class='ocrx_word' id='word_1_348' title='bbox 2248 4713 2497 4811; x_wconf 74' lang='lat' dir='ltr'><strong>stipati,</strong></span> <span class='ocrx_word' id='word_1_349' title='bbox 2518 4720 2620 4787; x_wconf 89' lang='lat' dir='ltr'><strong>cui</strong></span> <span class='ocrx_word' id='word_1_350' title='bbox 2652 4716 2841 4789; x_wconf 75' lang='lat' dir='ltr'><strong>nom.</strong></span> 
     </span>
    </p>
   </div>
  </div>
 </body>
</html>
