<?xml version="1.0" encoding="UTF-8"?>
<!DOCTYPE html PUBLIC "-//W3C//DTD XHTML 1.0 Transitional//EN"
    "http://www.w3.org/TR/xhtml1/DTD/xhtml1-transitional.dtd">
<html xmlns="http://www.w3.org/1999/xhtml" xml:lang="en" lang="en">
 <head>
  <title>
</title>
<meta http-equiv="Content-Type" content="text/html;charset=utf-8" />
  <meta name='ocr-system' content='tesseract 3.04.00' />
  <meta name='ocr-capabilities' content='ocr_page ocr_carea ocr_par ocr_line ocrx_word'/>
</head>
<body>
  <div class='ocr_page' id='page_1' title='image "./generaetspecies00ericgoog/generaetspecies00ericgoog_0031.png"; bbox 0 0 3409 5250; ppageno 0'>
   <div class='ocr_carea' id='block_1_1' title="bbox 1309 292 2930 366">
    <p class='ocr_par' dir='ltr' id='par_1_1' title="bbox 1309 292 2930 366">
     <span class='ocr_line' id='line_1_1' title="bbox 1309 292 2930 366; baseline 0 -16"><span class='ocrx_word' id='word_1_1' title='bbox 1309 292 1802 366; x_wconf 71' lang='lat' dir='ltr'><strong>Metamorphosis.</strong></span> <span class='ocrx_word' id='word_1_2' title='bbox 2830 299 2859 362; x_wconf 86' lang='grc'><strong>1</strong></span> <span class='ocrx_word' id='word_1_3' title='bbox 2876 301 2930 366; x_wconf 71' lang='lat'><strong>‘7‘</strong></span> 
     </span>
    </p>
   </div>
   <div class='ocr_carea' id='block_1_2' title="bbox 169 426 2967 641">
    <p class='ocr_par' dir='ltr' id='par_1_2' title="bbox 169 426 2967 638">
     <span class='ocr_line' id='line_1_2' title="bbox 169 426 2909 550; baseline 0.002 -24"><span class='ocrx_word' id='word_1_4' title='bbox 169 461 488 542; x_wconf 64' lang='lat' dir='ltr'><strong>aestimes,</strong></span> <span class='ocrx_word' id='word_1_5' title='bbox 531 462 722 544; x_wconf 66' lang='lat' dir='ltr'><strong>ligula</strong></span> <span class='ocrx_word' id='word_1_6' title='bbox 766 463 950 540; x_wconf 72' lang='lat' dir='ltr'><strong>naua,</strong></span> <span class='ocrx_word' id='word_1_7' title='bbox 995 461 1210 531; x_wconf 66' lang='lat' dir='ltr'><strong>oeulis</strong></span> <span class='ocrx_word' id='word_1_8' title='bbox 1257 465 1506 530; x_wconf 72' lang='lat' dir='ltr'><strong>omino</strong></span> <span class='ocrx_word' id='word_1_9' title='bbox 1550 464 1752 538; x_wconf 79' lang='lat' dir='ltr'><strong>nullis,</strong></span> <span class='ocrx_word' id='word_1_10' title='bbox 1798 464 2081 546; x_wconf 60' lang='lat' dir='ltr'><strong>emporis</strong></span> <span class='ocrx_word' id='word_1_11' title='bbox 2128 472 2443 546; x_wconf 76' lang='lat' dir='ltr'><strong>segmento</strong></span> <span class='ocrx_word' id='word_1_12' title='bbox 2487 426 2685 547; x_wconf 51' lang='lat' dir='ltr'><strong>presso</strong></span> <span class='ocrx_word' id='word_1_13' title='bbox 2734 466 2909 550; x_wconf 56' lang='lat' dir='ltr'><strong>&lt;pu-0⁴</strong></span> 
     </span>
     <span class='ocr_line' id='line_1_3' title="bbox 169 552 2967 641; baseline 0.003 -25"><span class='ocrx_word' id='word_1_14' title='bbox 169 554 518 641; x_wconf 64' lang='lat' dir='ltr'><strong>spondeo)</strong></span> <span class='ocrx_word' id='word_1_15' title='bbox 573 554 716 617; x_wconf 84' lang='lat' dir='ltr'><strong>solo</strong></span> <span class='ocrx_word' id='word_1_16' title='bbox 781 573 1041 632; x_wconf 85' lang='lat' dir='ltr'><strong>corneo,</strong></span> <span class='ocrx_word' id='word_1_17' title='bbox 1098 552 1364 634; x_wconf 87' lang='lat' dir='ltr'><strong>pedibus</strong></span> <span class='ocrx_word' id='word_1_18' title='bbox 1421 555 1706 618; x_wconf 86' lang='lat' dir='ltr'><strong>omuibus</strong></span> <span class='ocrx_word' id='word_1_19' title='bbox 1766 553 2165 632; x_wconf 85' lang='lat' dir='ltr'><strong>brevissimis,</strong></span> <span class='ocrx_word' id='word_1_20' title='bbox 2224 575 2345 619; x_wconf 86' lang='lat' dir='ltr'><strong>ano</strong></span> <span class='ocrx_word' id='word_1_21' title='bbox 2401 557 2693 621; x_wconf 65' lang='lat' dir='ltr'><strong>tubulos&amp;</strong></span> <span class='ocrx_word' id='word_1_22' title='bbox 2748 559 2908 622; x_wconf 87' lang='lat' dir='ltr'><strong>haud</strong></span> <span class='ocrx_word' id='word_1_23' title='bbox 2957 614 2967 624; x_wconf 93' lang='lat'><strong>.</strong></span> 
     </span>
    </p>
   </div>
   <div class='ocr_carea' id='block_1_3' title="bbox 167 632 446 719">
    <p class='ocr_par' dir='ltr' id='par_1_3' title="bbox 167 632 446 719">
     <span class='ocr_line' id='line_1_4' title="bbox 167 632 446 719; baseline 0 -4"><span class='ocrx_word' id='word_1_24' title='bbox 167 632 446 719; x_wconf 53' lang='lat' dir='ltr'><strong>exsuffle-</strong></span> 
     </span>
    </p>
   </div>
   <div class='ocr_carea' id='block_1_4' title="bbox 330 722 2907 838">
    <p class='ocr_par' dir='ltr' id='par_1_4' title="bbox 330 722 2907 838">
     <span class='ocr_line' id='line_1_5' title="bbox 330 722 2907 838; baseline 0.001 -39"><span class='ocrx_word' id='word_1_25' title='bbox 330 722 700 814; x_wconf 55' lang='lat' dir='ltr'><strong>nympha</strong></span> <span class='ocrx_word' id='word_1_26' title='bbox 757 731 1106 794; x_wconf 84' lang='lat' dir='ltr'><strong>membrana</strong></span> <span class='ocrx_word' id='word_1_27' title='bbox 1163 731 1330 792; x_wconf 87' lang='lat' dir='ltr'><strong>tenui</strong></span> <span class='ocrx_word' id='word_1_28' title='bbox 1387 732 1682 805; x_wconf 82' lang='lat' dir='ltr'><strong>obducta,</strong></span> <span class='ocrx_word' id='word_1_29' title='bbox 1740 734 1827 798; x_wconf 89' lang='lat' dir='ltr'><strong>uti</strong></span> <span class='ocrx_word' id='word_1_30' title='bbox 1872 731 2141 816; x_wconf 88' lang='lat' dir='ltr'><strong>reliquae</strong></span> <span class='ocrx_word' id='word_1_31' title='bbox 2189 733 2689 838; x_wconf 85' lang='lat' dir='ltr'><strong>coleopterorum</strong></span> <span class='ocrx_word' id='word_1_32' title='bbox 2720 757 2907 817; x_wconf 81' lang='lat' dir='ltr'><strong>nym-</strong></span> 
     </span>
    </p>
   </div>
   <div class='ocr_carea' id='block_1_5' title="bbox 1 807 2551 904">
    <p class='ocr_par' dir='ltr' id='par_1_5' title="bbox 1 807 2551 904">
     <span class='ocr_line' id='line_1_6' title="bbox 1 807 2551 904; baseline 0.002 -22"><span class='ocrx_word' id='word_1_33' title='bbox 1 807 17 827; x_wconf 82' lang='lat'>&#39;</span> <span class='ocrx_word' id='word_1_34' title='bbox 149 823 357 901; x_wconf 76' lang='lat' dir='ltr'><strong>phae,·&#39;</strong></span> <span class='ocrx_word' id='word_1_35' title='bbox 372 820 656 902; x_wconf 48' lang='lat' dir='ltr'><strong>*gine</strong></span> <span class='ocrx_word' id='word_1_36' title='bbox 701 821 1084 901; x_wconf 71' lang='lat' dir='ltr'><strong>prothoracis</strong></span> <span class='ocrx_word' id='word_1_37' title='bbox 1131 820 1438 882; x_wconf 83' lang='lat' dir='ltr'><strong>anteriore</strong></span> <span class='ocrx_word' id='word_1_38' title='bbox 1483 823 1628 886; x_wconf 86' lang='lat' dir='ltr'><strong>setis</strong></span> <span class='ocrx_word' id='word_1_39' title='bbox 1675 822 1895 886; x_wconf 81' lang='lat' dir='ltr'><strong>erectis</strong></span> <span class='ocrx_word' id='word_1_40' title='bbox 1942 822 2239 886; x_wconf 86' lang='lat' dir='ltr'><strong>instructo</strong></span> <span class='ocrx_word' id='word_1_41' title='bbox 2284 824 2551 904; x_wconf 59' lang='lat' dir='ltr'><strong>insignis</strong></span> 
     </span>
    </p>
   </div>
   <div class='ocr_carea' id='block_1_6' title="bbox 147 911 2905 1088">
    <p class='ocr_par' dir='ltr' id='par_1_6' title="bbox 147 911 2905 1088">
     <span class='ocr_line' id='line_1_7' title="bbox 341 911 2903 1014; baseline 0.001 -41"><span class='ocrx_word' id='word_1_42' title='bbox 341 912 586 973; x_wconf 79' lang='lat' dir='ltr'>Primus</span> <span class='ocrx_word' id='word_1_43' title='bbox 631 911 1126 992; x_wconf 75' lang='lat' dir='ltr'><strong>staphylinorum</strong></span> <span class='ocrx_word' id='word_1_44' title='bbox 1180 912 1694 1014; x_wconf 78' lang='lat' dir='ltr'><strong>metamorphosin</strong></span> <span class='ocrx_word' id='word_1_45' title='bbox 1760 912 2112 976; x_wconf 72' lang='lat' dir='ltr'><strong>observavit</strong></span> <span class='ocrx_word' id='word_1_46' title='bbox 2168 919 2385 975; x_wconf 86' lang='lat' dir='ltr'><strong>noster</strong></span> <span class='ocrx_word' id='word_1_47' title='bbox 2442 914 2617 976; x_wconf 86' lang='lat' dir='ltr'><strong>Fris</strong></span> <span class='ocrx_word' id='word_1_48' title='bbox 2634 915 2739 990; x_wconf 81' lang='lat' dir='ltr'><strong>ch,</strong></span> <span class='ocrx_word' id='word_1_49' title='bbox 2802 916 2903 998; x_wconf 87' lang='lat' dir='ltr'><strong>qui</strong></span> 
     </span>
     <span class='ocr_line' id='line_1_8' title="bbox 147 985 2905 1088; baseline 0.002 -26"><span class='ocrx_word' id='word_1_50' title='bbox 147 1001 316 1071; x_wconf 81' lang='lat' dir='ltr'><strong>(Ins.</strong></span> <span class='ocrx_word' id='word_1_51' title='bbox 341 1000 556 1062; x_wconf 83' lang='lat' dir='ltr'><strong>Germ.</strong></span> <span class='ocrx_word' id='word_1_52' title='bbox 603 1000 681 1063; x_wconf 90' lang='lat' dir='ltr'><strong>V.</strong></span> <span class='ocrx_word' id='word_1_53' title='bbox 725 1019 818 1087; x_wconf 53' lang='lat' dir='ltr'><strong>p„</strong></span> <span class='ocrx_word' id='word_1_54' title='bbox 835 1001 938 1088; x_wconf 71' lang='lat'><strong>1¹9·</strong></span> <span class='ocrx_word' id='word_1_55' title='bbox 985 1008 1024 1062; x_wconf 86' lang='lat' dir='ltr'><strong>t.</strong></span> <span class='ocrx_word' id='word_1_56' title='bbox 1058 1001 1304 1078; x_wconf 89' lang='lat' dir='ltr'>XXV.)</span> <span class='ocrx_word' id='word_1_57' title='bbox 1329 1001 1556 1079; x_wconf 88' lang='lat' dir='ltr'><strong>speciei</strong></span> <span class='ocrx_word' id='word_1_58' title='bbox 1601 1002 1916 1064; x_wconf 88' lang='lat' dir='ltr'><strong>cuiusdam</strong></span> <span class='ocrx_word' id='word_1_59' title='bbox 1959 985 2193 1064; x_wconf 84' lang='lat' dir='ltr'><strong>mediae</strong></span> <span class='ocrx_word' id='word_1_60' title='bbox 2238 1003 2673 1082; x_wconf 77' lang='lat' dir='ltr'><strong>magnitudinis,</strong></span> <span class='ocrx_word' id='word_1_61' title='bbox 2726 1025 2905 1086; x_wconf 86' lang='lat' dir='ltr'><strong>quam</strong></span> 
     </span>
    </p>
   </div>
   <div class='ocr_carea' id='block_1_7' title="bbox 145 1089 3017 1174">
    <p class='ocr_par' dir='ltr' id='par_1_7' title="bbox 145 1089 3017 1174">
     <span class='ocr_line' id='line_1_9' title="bbox 145 1089 3017 1174; baseline 0.003 -24"><span class='ocrx_word' id='word_1_62' title='bbox 145 1089 484 1172; x_wconf 83' lang='lat' dir='ltr'><strong>hucusque</strong></span> <span class='ocrx_word' id='word_1_63' title='bbox 523 1108 642 1168; x_wconf 87' lang='lat' dir='ltr'><strong>pro</strong></span> <span class='ocrx_word' id='word_1_64' title='bbox 661 1091 870 1169; x_wconf 86' lang='lat' dir='ltr'><strong>Staph.</strong></span> <span class='ocrx_word' id='word_1_65' title='bbox 897 1090 1324 1169; x_wconf 84' lang='lat' dir='ltr'><strong>erythroptero</strong></span> <span class='ocrx_word' id='word_1_66' title='bbox 1371 1109 1743 1153; x_wconf 74' lang='lat' dir='ltr'><strong>caesai-euve</strong></span> <span class='ocrx_word' id='word_1_67' title='bbox 1788 1089 2123 1154; x_wconf 83' lang='lat' dir='ltr'><strong>hahuerunt</strong></span> <span class='ocrx_word' id='word_1_68' title='bbox 2166 1099 2465 1169; x_wconf 87' lang='lat' dir='ltr'><strong>auctores,</strong></span> <span class='ocrx_word' id='word_1_69' title='bbox 2500 1113 2654 1174; x_wconf 88' lang='lat' dir='ltr'><strong>quae</strong></span> <span class='ocrx_word' id='word_1_70' title='bbox 2699 1095 2905 1172; x_wconf 75' lang='lat' dir='ltr'><strong>potius</strong></span> <span class='ocrx_word' id='word_1_71' title='bbox 3012 1121 3017 1129; x_wconf 87' lang='lat'><strong>·</strong></span> 
     </span>
    </p>
   </div>
   <div class='ocr_carea' id='block_1_8' title="bbox 145 1179 2981 3316">
    <p class='ocr_par' dir='ltr' id='par_1_8' title="bbox 145 1179 2981 3316">
     <span class='ocr_line' id='line_1_10' title="bbox 147 1179 2900 1262; baseline 0.002 -22"><span class='ocrx_word' id='word_1_72' title='bbox 147 1187 368 1240; x_wconf 76' lang='lat' dir='ltr'><strong>autem</strong></span> <span class='ocrx_word' id='word_1_73' title='bbox 413 1179 498 1240; x_wconf 85' lang='lat' dir='ltr'><strong>ad</strong></span> <span class='ocrx_word' id='word_1_74' title='bbox 521 1179 856 1241; x_wconf 84' lang='lat' dir='ltr'><strong>Tachinum</strong></span> <span class='ocrx_word' id='word_1_75' title='bbox 879 1179 1178 1261; x_wconf 78' lang='lat' dir='ltr'><strong>quendam</strong></span> <span class='ocrx_word' id='word_1_76' title='bbox 1223 1180 1547 1242; x_wconf 75' lang='lat' dir='ltr'><strong>referenda</strong></span> <span class='ocrx_word' id='word_1_77' title='bbox 1565 1180 1822 1257; x_wconf 83' lang='lat' dir='ltr'><strong>videtur,</strong></span> <span class='ocrx_word' id='word_1_78' title='bbox 1843 1180 2155 1242; x_wconf 72' lang='lat' dir='ltr'><strong>historiam</strong></span> <span class='ocrx_word' id='word_1_79' title='bbox 2198 1183 2537 1246; x_wconf 71' lang='lat' dir='ltr'><strong>accuratius</strong></span> <span class='ocrx_word' id='word_1_80' title='bbox 2562 1182 2900 1262; x_wconf 78' lang='lat' dir='ltr'><strong>descripsit.</strong></span> 
     </span>
     <span class='ocr_line' id='line_1_11' title="bbox 147 1267 2903 1351; baseline 0.001 -21.015"><span class='ocrx_word' id='word_1_81' title='bbox 147 1267 436 1330; x_wconf 76' lang='lat' dir='ltr'><strong>Alterius</strong></span> <span class='ocrx_word' id='word_1_82' title='bbox 495 1269 814 1330; x_wconf 82' lang='lat' dir='ltr'><strong>cuiusdam</strong></span> <span class='ocrx_word' id='word_1_83' title='bbox 871 1268 1100 1350; x_wconf 88' lang='lat' dir='ltr'><strong>speciei</strong></span> <span class='ocrx_word' id='word_1_84' title='bbox 1155 1267 1456 1344; x_wconf 85' lang='lat' dir='ltr'><strong>minutae,</strong></span> <span class='ocrx_word' id='word_1_85' title='bbox 1513 1271 1674 1334; x_wconf 81' lang='lat' dir='ltr'><strong>forte</strong></span> <span class='ocrx_word' id='word_1_86' title='bbox 1734 1269 1983 1350; x_wconf 86' lang='lat' dir='ltr'><strong>Oxyteli</strong></span> <span class='ocrx_word' id='word_1_87' title='bbox 2044 1269 2389 1348; x_wconf 88' lang='lat' dir='ltr'><strong>cuiusdam,</strong></span> <span class='ocrx_word' id='word_1_88' title='bbox 2437 1269 2613 1350; x_wconf 85' lang='lat' dir='ltr'><strong>(ibid.</strong></span> <span class='ocrx_word' id='word_1_89' title='bbox 2676 1292 2736 1351; x_wconf 89' lang='lat' dir='ltr'><strong>p.</strong></span> <span class='ocrx_word' id='word_1_90' title='bbox 2776 1272 2903 1334; x_wconf 77' lang='lat'><strong>5⁰.</strong></span> 
     </span>
     <span class='ocr_line' id='line_1_12' title="bbox 149 1355 2905 1436; baseline 0.001 -18"><span class='ocrx_word' id='word_1_91' title='bbox 149 1369 192 1418; x_wconf 82' lang='lat' dir='ltr'><strong>t.</strong></span> <span class='ocrx_word' id='word_1_92' title='bbox 233 1357 520 1436; x_wconf 86' lang='lat' dir='ltr'><strong>XXVI.)</strong></span> <span class='ocrx_word' id='word_1_93' title='bbox 565 1358 744 1420; x_wconf 88' lang='lat' dir='ltr'><strong>cuius</strong></span> <span class='ocrx_word' id='word_1_94' title='bbox 787 1357 1014 1418; x_wconf 89' lang='lat' dir='ltr'><strong>larvam</strong></span> <span class='ocrx_word' id='word_1_95' title='bbox 1057 1357 1124 1419; x_wconf 86' lang='lat' dir='ltr'><strong>in</strong></span> <span class='ocrx_word' id='word_1_96' title='bbox 1163 1355 1312 1419; x_wconf 80' lang='lat' dir='ltr'><strong>fimo</strong></span> <span class='ocrx_word' id='word_1_97' title='bbox 1361 1358 1624 1420; x_wconf 77' lang='lat' dir='ltr'><strong>sicciore</strong></span> <span class='ocrx_word' id='word_1_98' title='bbox 1668 1366 1884 1423; x_wconf 81' lang='lat' dir='ltr'><strong>auctor</strong></span> <span class='ocrx_word' id='word_1_99' title='bbox 1928 1359 2171 1436; x_wconf 84' lang='lat' dir='ltr'><strong>invenit,</strong></span> <span class='ocrx_word' id='word_1_100' title='bbox 2198 1361 2449 1422; x_wconf 87' lang='lat' dir='ltr'><strong>historia</strong></span> <span class='ocrx_word' id='word_1_101' title='bbox 2492 1379 2619 1422; x_wconf 86' lang='lat' dir='ltr'><strong>uon</strong></span> <span class='ocrx_word' id='word_1_102' title='bbox 2664 1361 2905 1423; x_wconf 86' lang='lat' dir='ltr'><strong>indubia</strong></span> 
     </span>
     <span class='ocr_line' id='line_1_13' title="bbox 149 1447 2904 1532; baseline 0.002 -27"><span class='ocrx_word' id='word_1_103' title='bbox 149 1447 434 1524; x_wconf 69' lang='lat' dir='ltr'><strong>videtur,</strong></span> <span class='ocrx_word' id='word_1_104' title='bbox 499 1467 644 1508; x_wconf 87' lang='lat' dir='ltr'><strong>cum</strong></span> <span class='ocrx_word' id='word_1_105' title='bbox 696 1447 872 1508; x_wconf 69' lang='lat' dir='ltr'><strong>larva</strong></span> <span class='ocrx_word' id='word_1_106' title='bbox 915 1447 1198 1528; x_wconf 86' lang='lat' dir='ltr'><strong>pedibus</strong></span> <span class='ocrx_word' id='word_1_107' title='bbox 1219 1447 1586 1510; x_wconf 81' lang='lat' dir='ltr'><strong>ventralibus</strong></span> <span class='ocrx_word' id='word_1_108' title='bbox 1633 1447 1929 1510; x_wconf 80' lang='lat' dir='ltr'><strong>instructa</strong></span> <span class='ocrx_word' id='word_1_109' title='bbox 1972 1449 2348 1528; x_wconf 81' lang='lat' dir='ltr'><strong>exhibeatur,</strong></span> <span class='ocrx_word' id='word_1_110' title='bbox 2410 1469 2591 1532; x_wconf 86' lang='lat' dir='ltr'><strong>quam</strong></span> <span class='ocrx_word' id='word_1_111' title='bbox 2634 1449 2715 1512; x_wconf 88' lang='lat' dir='ltr'><strong>ob</strong></span> <span class='ocrx_word' id='word_1_112' title='bbox 2772 1469 2904 1511; x_wconf 85' lang='lat' dir='ltr'><strong>rem</strong></span> 
     </span>
     <span class='ocr_line' id='line_1_14' title="bbox 151 1525 2904 1618; baseline 0.001 -22"><span class='ocrx_word' id='word_1_113' title='bbox 151 1535 644 1598; x_wconf 80' lang='lat' dir='ltr'><strong>commutatione</strong></span> <span class='ocrx_word' id='word_1_114' title='bbox 701 1525 958 1618; x_wconf 86' lang='lat' dir='ltr'><strong>quadam</strong></span> <span class='ocrx_word' id='word_1_115' title='bbox 1015 1535 1408 1616; x_wconf 82' lang='lat' dir='ltr'><strong>Lepidopteri</strong></span> <span class='ocrx_word' id='word_1_116' title='bbox 1465 1538 1775 1600; x_wconf 86' lang='lat' dir='ltr'><strong>cuiusdam</strong></span> <span class='ocrx_word' id='word_1_117' title='bbox 1819 1537 2093 1618; x_wconf 77' lang='lat' dir='ltr'><strong>pusillam</strong></span> <span class='ocrx_word' id='word_1_118' title='bbox 2138 1557 2383 1600; x_wconf 86' lang='lat' dir='ltr'><strong>erucam</strong></span> <span class='ocrx_word' id='word_1_119' title='bbox 2430 1559 2545 1612; x_wconf 83' lang='lat' dir='ltr'><strong>pro</strong></span> <span class='ocrx_word' id='word_1_120' title='bbox 2590 1539 2904 1618; x_wconf 82' lang='lat' dir='ltr'><strong>Staphilini</strong></span> 
     </span>
     <span class='ocr_line' id='line_1_15' title="bbox 151 1625 2903 1706; baseline 0.002 -20"><span class='ocrx_word' id='word_1_121' title='bbox 151 1625 326 1686; x_wconf 77' lang='lat' dir='ltr'><strong>larva</strong></span> <span class='ocrx_word' id='word_1_122' title='bbox 385 1626 442 1686; x_wconf 89' lang='lat' dir='ltr'><strong>h.</strong></span> <span class='ocrx_word' id='word_1_123' title='bbox 505 1625 546 1688; x_wconf 93' lang='lat' dir='ltr'><strong>l.</strong></span> <span class='ocrx_word' id='word_1_124' title='bbox 607 1627 980 1705; x_wconf 78' lang='lat' dir='ltr'><strong>suppositam</strong></span> <span class='ocrx_word' id='word_1_125' title='bbox 1036 1643 1182 1688; x_wconf 85' lang='lat' dir='ltr'><strong>esse</strong></span> <span class='ocrx_word' id='word_1_126' title='bbox 1239 1627 1540 1706; x_wconf 88' lang='lat' dir='ltr'><strong>suspicor.</strong></span> <span class='ocrx_word' id='word_1_127' title='bbox 1610 1627 1763 1690; x_wconf 69' lang='lat' dir='ltr'><strong>-.c01</strong></span> <span class='ocrx_word' id='word_1_128' title='bbox 1826 1628 2367 1691; x_wconf 80' lang='lat' dir='ltr'><strong>Gravenhorst</strong></span> <span class='ocrx_word' id='word_1_129' title='bbox 2424 1627 2645 1690; x_wconf 87' lang='lat' dir='ltr'><strong>deinde</strong></span> <span class='ocrx_word' id='word_1_130' title='bbox 2694 1629 2903 1706; x_wconf 85' lang='lat' dir='ltr'><strong>(Micr.</strong></span> 
     </span>
     <span class='ocr_line' id='line_1_16' title="bbox 153 1714 2906 1819; baseline 0.001 -42"><span class='ocrx_word' id='word_1_131' title='bbox 153 1733 216 1794; x_wconf 83' lang='lat' dir='ltr'><strong>p.</strong></span> <span class='ocrx_word' id='word_1_132' title='bbox 273 1715 574 1792; x_wconf 36' lang='lat' dir='ltr'><strong>13¹.)st</strong></span> <span class='ocrx_word' id='word_1_133' title='bbox 543 1714 930 1778; x_wconf 81' lang='lat' dir='ltr'><strong>similitudine</strong></span> <span class='ocrx_word' id='word_1_134' title='bbox 989 1716 1244 1797; x_wconf 83' lang='lat' dir='ltr'><strong>quadam</strong></span> <span class='ocrx_word' id='word_1_135' title='bbox 1303 1717 1612 1778; x_wconf 83' lang='lat' dir='ltr'><strong>exteriore</strong></span> <span class='ocrx_word' id='word_1_136' title='bbox 1667 1717 1989 1819; x_wconf 76' lang='lat' dir='ltr'><strong>deceptuS,</strong></span> <span class='ocrx_word' id='word_1_137' title='bbox 2055 1716 2329 1778; x_wconf 80' lang='lat' dir='ltr'><strong>Cat-abi</strong></span> <span class='ocrx_word' id='word_1_138' title='bbox 2390 1718 2635 1797; x_wconf 80' lang='lat' dir='ltr'><strong>genuini</strong></span> <span class='ocrx_word' id='word_1_139' title='bbox 2674 1717 2906 1780; x_wconf 86' lang='lat' dir='ltr'><strong>larvam</strong></span> 
     </span>
     <span class='ocr_line' id='line_1_17' title="bbox 155 1803 2903 1886; baseline 0.002 -22"><span class='ocrx_word' id='word_1_140' title='bbox 155 1825 270 1884; x_wconf 86' lang='lat' dir='ltr'><strong>pro</strong></span> <span class='ocrx_word' id='word_1_141' title='bbox 315 1803 662 1883; x_wconf 68' lang='lat' dir='ltr'><strong>staphylini</strong></span> <span class='ocrx_word' id='word_1_142' title='bbox 711 1805 1022 1866; x_wconf 82' lang='lat' dir='ltr'><strong>cuiusdam</strong></span> <span class='ocrx_word' id='word_1_143' title='bbox 1067 1804 1312 1866; x_wconf 90' lang='lat' dir='ltr'><strong>maioris</strong></span> <span class='ocrx_word' id='word_1_144' title='bbox 1355 1805 1583 1868; x_wconf 77' lang='lat' dir='ltr'><strong>larvam</strong></span> <span class='ocrx_word' id='word_1_145' title='bbox 1626 1805 1957 1884; x_wconf 88' lang='lat' dir='ltr'><strong>perspicue</strong></span> <span class='ocrx_word' id='word_1_146' title='bbox 2004 1807 2345 1886; x_wconf 87' lang='lat' dir='ltr'><strong>descripsit.</strong></span> <span class='ocrx_word' id='word_1_147' title='bbox 2432 1806 2903 1870; x_wconf 84' lang='lat' dir='ltr'><strong>Recentioribus</strong></span> 
     </span>
     <span class='ocr_line' id='line_1_18' title="bbox 157 1893 2901 1975; baseline 0.001 -21"><span class='ocrx_word' id='word_1_148' title='bbox 157 1893 542 1974; x_wconf 74' lang='lat' dir='ltr'><strong>temporibus</strong></span> <span class='ocrx_word' id='word_1_149' title='bbox 605 1893 814 1973; x_wconf 88' lang='lat' dir='ltr'><strong>plures</strong></span> <span class='ocrx_word' id='word_1_150' title='bbox 877 1902 938 1956; x_wconf 87' lang='lat' dir='ltr'><strong>et</strong></span> <span class='ocrx_word' id='word_1_151' title='bbox 991 1895 1180 1974; x_wconf 79' lang='lat' dir='ltr'><strong>magis</strong></span> <span class='ocrx_word' id='word_1_152' title='bbox 1239 1901 1452 1956; x_wconf 78' lang='lat' dir='ltr'><strong>exacte</strong></span> <span class='ocrx_word' id='word_1_153' title='bbox 1513 1894 2013 1975; x_wconf 84' lang='lat' dir='ltr'><strong>Staphylinorum</strong></span> <span class='ocrx_word' id='word_1_154' title='bbox 2047 1895 2273 1957; x_wconf 84' lang='lat' dir='ltr'><strong>larvae</strong></span> <span class='ocrx_word' id='word_1_155' title='bbox 2334 1893 2695 1960; x_wconf 71' lang='lat' dir='ltr'><strong>observatae</strong></span> <span class='ocrx_word' id='word_1_156' title='bbox 2742 1904 2901 1958; x_wconf 83' lang='lat' dir='ltr'><strong>sunt.</strong></span> 
     </span>
     <span class='ocr_line' id='line_1_19' title="bbox 163 1976 2901 2064; baseline 0.003 -22"><span class='ocrx_word' id='word_1_157' title='bbox 163 1983 338 2044; x_wconf 87' lang='lat' dir='ltr'><strong>Dom.</strong></span> <span class='ocrx_word' id='word_1_158' title='bbox 393 1976 709 2044; x_wconf 86' lang='lat' dir='ltr'><strong>Bouche</strong></span> <span class='ocrx_word' id='word_1_159' title='bbox 770 1983 1064 2046; x_wconf 85' lang='lat' dir='ltr'><strong>Philonthi</strong></span> <span class='ocrx_word' id='word_1_160' title='bbox 1123 1983 1300 2045; x_wconf 86' lang='lat' dir='ltr'><strong>aenei</strong></span> <span class='ocrx_word' id='word_1_161' title='bbox 1363 1984 1544 2058; x_wconf 88' lang='lat' dir='ltr'><strong>(Hist.</strong></span> <span class='ocrx_word' id='word_1_162' title='bbox 1602 1992 1721 2047; x_wconf 88' lang='lat' dir='ltr'><strong>nat.</strong></span> <span class='ocrx_word' id='word_1_163' title='bbox 1782 1985 2217 2050; x_wconf 81' lang='lat' dir='ltr'><strong>1.179.1.t.</strong></span> <span class='ocrx_word' id='word_1_164' title='bbox 2263 1986 2392 2047; x_wconf 86' lang='lat' dir='ltr'><strong>VII.</strong></span> <span class='ocrx_word' id='word_1_165' title='bbox 2438 1987 2479 2048; x_wconf 81' lang='lat' dir='ltr'><strong>f.</strong></span> <span class='ocrx_word' id='word_1_166' title='bbox 2526 1985 2721 2048; x_wconf 83' lang='grc'><strong>29-</strong></span> <span class='ocrx_word' id='word_1_167' title='bbox 2744 1985 2901 2064; x_wconf 83' lang='grc'><strong>35.,)</strong></span> 
     </span>
     <span class='ocr_line' id='line_1_20' title="bbox 164 2070 2901 2154; baseline 0 -20"><span class='ocrx_word' id='word_1_168' title='bbox 164 2073 382 2153; x_wconf 76' lang='lat' dir='ltr'><strong>Quedii</strong></span> <span class='ocrx_word' id='word_1_169' title='bbox 427 2072 644 2151; x_wconf 81' lang='lat' dir='ltr'><strong>fulgidi</strong></span> <span class='ocrx_word' id='word_1_170' title='bbox 693 2070 1052 2151; x_wconf 82' lang='lat' dir='ltr'><strong>(variabilis)</strong></span> <span class='ocrx_word' id='word_1_171' title='bbox 1104 2072 1276 2148; x_wconf 84' lang='lat' dir='ltr'><strong>(ibid.</strong></span> <span class='ocrx_word' id='word_1_172' title='bbox 1328 2072 1473 2136; x_wconf 95' lang='grc'><strong>180.</strong></span> <span class='ocrx_word' id='word_1_173' title='bbox 1524 2072 1586 2135; x_wconf 86' lang='grc'><strong>2.</strong></span> <span class='ocrx_word' id='word_1_174' title='bbox 1631 2080 1676 2134; x_wconf 81' lang='grc' dir='ltr'><strong>ι.</strong></span> <span class='ocrx_word' id='word_1_175' title='bbox 1726 2073 1881 2135; x_wconf 87' lang='lat' dir='ltr'><strong>vm.</strong></span> <span class='ocrx_word' id='word_1_176' title='bbox 1928 2075 1967 2138; x_wconf 84' lang='lat' dir='ltr'><strong>f.</strong></span> <span class='ocrx_word' id='word_1_177' title='bbox 2022 2074 2054 2136; x_wconf 91' lang='grc'><strong>1</strong></span> <span class='ocrx_word' id='word_1_178' title='bbox 2080 2075 2287 2154; x_wconf 87' lang='grc'><strong>-8.),</strong></span> <span class='ocrx_word' id='word_1_179' title='bbox 2347 2074 2704 2137; x_wconf 86' lang='lat' dir='ltr'><strong>Xantholini</strong></span> <span class='ocrx_word' id='word_1_180' title='bbox 2746 2094 2901 2154; x_wconf 87' lang='lat' dir='ltr'><strong>puu-</strong></span> 
     </span>
     <span class='ocr_line' id='line_1_21' title="bbox 161 2160 2898 2241; baseline 0 -17"><span class='ocrx_word' id='word_1_181' title='bbox 161 2161 364 2224; x_wconf 71' lang='lat' dir='ltr'><strong>oculati</strong></span> <span class='ocrx_word' id='word_1_182' title='bbox 409 2161 586 2236; x_wconf 63' lang='lat' dir='ltr'><strong>(ibid.</strong></span> <span class='ocrx_word' id='word_1_183' title='bbox 639 2160 786 2223; x_wconf 84' lang='grc'><strong>181.</strong></span> <span class='ocrx_word' id='word_1_184' title='bbox 829 2161 894 2224; x_wconf 87' lang='grc'><strong>3.</strong></span> <span class='ocrx_word' id='word_1_185' title='bbox 939 2169 980 2224; x_wconf 86' lang='grc' dir='ltr'><strong>ι.</strong></span> <span class='ocrx_word' id='word_1_186' title='bbox 1028 2163 1182 2224; x_wconf 85' lang='lat' dir='ltr'><strong>vm.</strong></span> <span class='ocrx_word' id='word_1_187' title='bbox 1228 2163 1270 2223; x_wconf 82' lang='lat' dir='ltr'><strong>f.</strong></span> <span class='ocrx_word' id='word_1_188' title='bbox 1315 2163 1590 2238; x_wconf 77' lang='lat'><strong>9-13.)</strong></span> <span class='ocrx_word' id='word_1_189' title='bbox 1630 2169 1694 2224; x_wconf 90' lang='lat' dir='ltr'><strong>et</strong></span> <span class='ocrx_word' id='word_1_190' title='bbox 1738 2162 2098 2241; x_wconf 81' lang='lat' dir='ltr'><strong>Platystheti</strong></span> <span class='ocrx_word' id='word_1_191' title='bbox 2138 2163 2509 2226; x_wconf 85' lang='lat' dir='ltr'><strong>morsitantis</strong></span> <span class='ocrx_word' id='word_1_192' title='bbox 2552 2163 2721 2239; x_wconf 83' lang='lat' dir='ltr'><strong>(ibid.</strong></span> <span class='ocrx_word' id='word_1_193' title='bbox 2756 2163 2898 2224; x_wconf 83' lang='grc'><strong>182.</strong></span> 
     </span>
     <span class='ocr_line' id='line_1_22' title="bbox 161 2249 2901 2330; baseline 0 -17"><span class='ocrx_word' id='word_1_194' title='bbox 161 2254 218 2313; x_wconf 91' lang='grc'><strong>4.</strong></span> <span class='ocrx_word' id='word_1_195' title='bbox 263 2262 310 2312; x_wconf 84' lang='lat' dir='ltr'><strong>t.</strong></span> <span class='ocrx_word' id='word_1_196' title='bbox 353 2252 512 2312; x_wconf 79' lang='lat' dir='ltr'><strong>vm.</strong></span> <span class='ocrx_word' id='word_1_197' title='bbox 555 2251 1004 2330; x_wconf 80' lang='lat' dir='ltr'><strong>f.14-—-21.)</strong></span> <span class='ocrx_word' id='word_1_198' title='bbox 1049 2251 1600 2329; x_wconf 84' lang='lat' dir='ltr'><strong>metamorphoses</strong></span> <span class='ocrx_word' id='word_1_199' title='bbox 1665 2251 2013 2327; x_wconf 77' lang='lat' dir='ltr'><strong>illustravit,</strong></span> <span class='ocrx_word' id='word_1_200' title='bbox 2075 2249 2273 2320; x_wconf 87' lang='lat' dir='ltr'><strong>Dom..</strong></span> <span class='ocrx_word' id='word_1_201' title='bbox 2314 2253 2521 2314; x_wconf 89' lang='lat' dir='ltr'><strong>Heer</strong></span> <span class='ocrx_word' id='word_1_202' title='bbox 2579 2251 2901 2330; x_wconf 83' lang='lat' dir='ltr'><strong>Ocypodis</strong></span> 
     </span>
     <span class='ocr_line' id='line_1_23' title="bbox 169 2300 2981 2417; baseline 0.001 -17"><span class='ocrx_word' id='word_1_203' title='bbox 169 2331 394 2400; x_wconf 69' lang='lat' dir='ltr'><strong>olentis</strong></span> <span class='ocrx_word' id='word_1_204' title='bbox 437 2340 738 2400; x_wconf 73' lang='lat' dir='ltr'><strong>historiam</strong></span> <span class='ocrx_word' id='word_1_205' title='bbox 783 2348 848 2402; x_wconf 88' lang='lat' dir='ltr'><strong>et</strong></span> <span class='ocrx_word' id='word_1_206' title='bbox 889 2340 1094 2402; x_wconf 83' lang='lat' dir='ltr'><strong>larvae</strong></span> <span class='ocrx_word' id='word_1_207' title='bbox 1141 2347 1506 2402; x_wconf 77' lang='lat' dir='ltr'><strong>structuram</strong></span> <span class='ocrx_word' id='word_1_208' title='bbox 1561 2339 1903 2402; x_wconf 78' lang='lat' dir='ltr'><strong>accuratius</strong></span> <span class='ocrx_word' id='word_1_209' title='bbox 1960 2300 2222 2402; x_wconf 83' lang='lat' dir='ltr'><strong>exhibuit</strong></span> <span class='ocrx_word' id='word_1_210' title='bbox 2276 2341 2461 2417; x_wconf 89' lang='lat' dir='ltr'><strong>(Obs.</strong></span> <span class='ocrx_word' id='word_1_211' title='bbox 2508 2341 2639 2402; x_wconf 88' lang='lat' dir='ltr'><strong>Ent.</strong></span> <span class='ocrx_word' id='word_1_212' title='bbox 2698 2341 2792 2402; x_wconf 91' lang='grc'><strong>16.</strong></span> <span class='ocrx_word' id='word_1_213' title='bbox 2838 2339 2900 2403; x_wconf 78' lang='lat'><strong>5.</strong></span> <span class='ocrx_word' id='word_1_214' title='bbox 2960 2333 2981 2411; x_wconf 59' lang='lat' dir='ltr'>s</span> 
     </span>
     <span class='ocr_line' id='line_1_24' title="bbox 165 2428 2901 2510; baseline 0.001 -20"><span class='ocrx_word' id='word_1_215' title='bbox 165 2445 198 2490; x_wconf 87' lang='grc' dir='ltr'><strong>ι.</strong></span> <span class='ocrx_word' id='word_1_216' title='bbox 241 2429 308 2491; x_wconf 88' lang='grc'><strong>3.</strong></span> <span class='ocrx_word' id='word_1_217' title='bbox 351 2430 489 2504; x_wconf 45' lang='lat' dir='ltr'><strong>A...)</strong></span> <span class='ocrx_word' id='word_1_218' title='bbox 542 2429 816 2490; x_wconf 84' lang='lat' dir='ltr'><strong>eiusdam</strong></span> <span class='ocrx_word' id='word_1_219' title='bbox 875 2429 1103 2510; x_wconf 87' lang='lat' dir='ltr'><strong>speciei</strong></span> <span class='ocrx_word' id='word_1_220' title='bbox 1160 2428 1388 2492; x_wconf 80' lang='lat' dir='ltr'><strong>larvam</strong></span> <span class='ocrx_word' id='word_1_221' title='bbox 1445 2437 1506 2491; x_wconf 87' lang='lat' dir='ltr'><strong>et</strong></span> <span class='ocrx_word' id='word_1_222' title='bbox 1559 2430 1883 2509; x_wconf 82' lang='lat' dir='ltr'><strong>nympham</strong></span> <span class='ocrx_word' id='word_1_223' title='bbox 1938 2431 2120 2492; x_wconf 88' lang='lat' dir='ltr'><strong>Dom.</strong></span> <span class='ocrx_word' id='word_1_224' title='bbox 2166 2431 2591 2494; x_wconf 76' lang='lat' dir='ltr'><strong>Blanchard</strong></span> <span class='ocrx_word' id='word_1_225' title='bbox 2637 2429 2901 2508; x_wconf 84' lang='lat' dir='ltr'><strong>(Gueriu</strong></span> 
     </span>
     <span class='ocr_line' id='line_1_25' title="bbox 157 2518 2900 2600; baseline 0 -20"><span class='ocrx_word' id='word_1_226' title='bbox 157 2518 322 2598; x_wconf 73' lang='lat' dir='ltr'><strong>Mag.</strong></span> <span class='ocrx_word' id='word_1_227' title='bbox 369 2518 550 2580; x_wconf 88' lang='lat' dir='ltr'><strong>Zool.</strong></span> <span class='ocrx_word' id='word_1_228' title='bbox 598 2519 702 2580; x_wconf 87' lang='lat' dir='ltr'><strong>vl.</strong></span> <span class='ocrx_word' id='word_1_229' title='bbox 747 2525 790 2580; x_wconf 84' lang='lat' dir='ltr'><strong>t.</strong></span> <span class='ocrx_word' id='word_1_230' title='bbox 845 2518 1020 2600; x_wconf 72' lang='lat'><strong>165.)</strong></span> <span class='ocrx_word' id='word_1_231' title='bbox 1065 2539 1308 2594; x_wconf 86' lang='lat' dir='ltr'><strong>mance,</strong></span> <span class='ocrx_word' id='word_1_232' title='bbox 1376 2518 1558 2580; x_wconf 87' lang='lat' dir='ltr'><strong>Dom.</strong></span> <span class='ocrx_word' id='word_1_233' title='bbox 1616 2518 2075 2599; x_wconf 78' lang='lat' dir='ltr'><strong>Ratzeburg</strong></span> <span class='ocrx_word' id='word_1_234' title='bbox 2122 2520 2553 2598; x_wconf 86' lang='lat' dir='ltr'><strong>(Forstinsect.</strong></span> <span class='ocrx_word' id='word_1_235' title='bbox 2598 2520 2643 2580; x_wconf 89' lang='lat'><strong>1.</strong></span> <span class='ocrx_word' id='word_1_236' title='bbox 2689 2541 2748 2598; x_wconf 90' lang='lat' dir='ltr'><strong>p.</strong></span> <span class='ocrx_word' id='word_1_237' title='bbox 2794 2518 2900 2582; x_wconf 84' lang='lat'><strong>30.</strong></span> 
     </span>
     <span class='ocr_line' id='line_1_26' title="bbox 155 2606 2901 2691; baseline 0 -21"><span class='ocrx_word' id='word_1_238' title='bbox 155 2623 194 2670; x_wconf 84' lang='lat' dir='ltr'><strong>t.</strong></span> <span class='ocrx_word' id='word_1_239' title='bbox 250 2609 304 2671; x_wconf 82' lang='lat'><strong>1.</strong></span> <span class='ocrx_word' id='word_1_240' title='bbox 353 2609 394 2670; x_wconf 82' lang='lat' dir='ltr'><strong>f.</strong></span> <span class='ocrx_word' id='word_1_241' title='bbox 451 2606 578 2688; x_wconf 74' lang='lat'><strong>14.)</strong></span> <span class='ocrx_word' id='word_1_242' title='bbox 627 2608 939 2688; x_wconf 77' lang='lat' dir='ltr'><strong>eleganter</strong></span> <span class='ocrx_word' id='word_1_243' title='bbox 977 2609 1450 2684; x_wconf 82' lang='lat' dir='ltr'><strong>delineaverunt,</strong></span> <span class='ocrx_word' id='word_1_244' title='bbox 1501 2609 2229 2671; x_wconf 86' lang='lat' dir='ltr'><strong>Dom.Waterhouse</strong></span> <span class='ocrx_word' id='word_1_245' title='bbox 2276 2609 2537 2691; x_wconf 85' lang='lat' dir='ltr'><strong>denique</strong></span> <span class='ocrx_word' id='word_1_246' title='bbox 2554 2611 2901 2687; x_wconf 85' lang='lat' dir='ltr'><strong>(Transact.</strong></span> 
     </span>
     <span class='ocr_line' id='line_1_27' title="bbox 155 2697 2900 2779; baseline -0 -19"><span class='ocrx_word' id='word_1_247' title='bbox 155 2700 300 2761; x_wconf 87' lang='lat' dir='ltr'><strong>Soc.</strong></span> <span class='ocrx_word' id='word_1_248' title='bbox 349 2698 487 2759; x_wconf 81' lang='lat' dir='ltr'><strong>Ent.</strong></span> <span class='ocrx_word' id='word_1_249' title='bbox 535 2698 730 2759; x_wconf 82' lang='lat' dir='ltr'><strong>Lond.</strong></span> <span class='ocrx_word' id='word_1_250' title='bbox 777 2699 817 2762; x_wconf 82' lang='lat' dir='ltr'><strong>I.</strong></span> <span class='ocrx_word' id='word_1_251' title='bbox 872 2718 936 2779; x_wconf 88' lang='lat' dir='ltr'><strong>p.</strong></span> <span class='ocrx_word' id='word_1_252' title='bbox 981 2698 1088 2761; x_wconf 81' lang='grc'><strong>32.</strong></span> <span class='ocrx_word' id='word_1_253' title='bbox 1135 2706 1176 2761; x_wconf 85' lang='grc' dir='ltr'><strong>ι.</strong></span> <span class='ocrx_word' id='word_1_254' title='bbox 1221 2698 1284 2760; x_wconf 85' lang='grc'><strong>3</strong></span> <span class='ocrx_word' id='word_1_255' title='bbox 1329 2699 1370 2759; x_wconf 81' lang='lat' dir='ltr'><strong>f.</strong></span> <span class='ocrx_word' id='word_1_256' title='bbox 1416 2698 1514 2775; x_wconf 88' lang='grc'><strong>2.)</strong></span> <span class='ocrx_word' id='word_1_257' title='bbox 1565 2697 1789 2779; x_wconf 81' lang='lat' dir='ltr'><strong>Quedii</strong></span> <span class='ocrx_word' id='word_1_258' title='bbox 1832 2698 2023 2759; x_wconf 84' lang='lat' dir='ltr'><strong>tristis</strong></span> <span class='ocrx_word' id='word_1_259' title='bbox 2066 2699 2296 2760; x_wconf 87' lang='lat' dir='ltr'><strong>larvam</strong></span> <span class='ocrx_word' id='word_1_260' title='bbox 2341 2700 2683 2778; x_wconf 87' lang='lat' dir='ltr'><strong>proposuit.</strong></span> <span class='ocrx_word' id='word_1_261' title='bbox 2772 2700 2900 2759; x_wconf 84' lang='lat' dir='ltr'><strong>De-</strong></span> 
     </span>
     <span class='ocr_line' id='line_1_28' title="bbox 157 2787 2903 2867; baseline 0 -18"><span class='ocrx_word' id='word_1_262' title='bbox 157 2788 528 2867; x_wconf 82' lang='lat' dir='ltr'><strong>scriptiones</strong></span> <span class='ocrx_word' id='word_1_263' title='bbox 575 2795 896 2851; x_wconf 87' lang='lat' dir='ltr'><strong>auctorum</strong></span> <span class='ocrx_word' id='word_1_264' title='bbox 941 2788 1131 2849; x_wconf 86' lang='lat' dir='ltr'><strong>modo</strong></span> <span class='ocrx_word' id='word_1_265' title='bbox 1175 2787 1560 2849; x_wconf 85' lang='lat' dir='ltr'><strong>laudatorum</strong></span> <span class='ocrx_word' id='word_1_266' title='bbox 1606 2788 1945 2849; x_wconf 82' lang='lat' dir='ltr'><strong>secundum</strong></span> <span class='ocrx_word' id='word_1_267' title='bbox 1990 2788 2289 2867; x_wconf 78' lang='lat' dir='ltr'><strong>singulum</strong></span> <span class='ocrx_word' id='word_1_268' title='bbox 2332 2787 2539 2851; x_wconf 85' lang='lat' dir='ltr'><strong>larvae</strong></span> <span class='ocrx_word' id='word_1_269' title='bbox 2586 2787 2903 2849; x_wconf 79' lang='lat' dir='ltr'><strong>cuiusdam</strong></span> 
     </span>
     <span class='ocr_line' id='line_1_29' title="bbox 155 2876 2901 2979; baseline -0.001 -40"><span class='ocrx_word' id='word_1_270' title='bbox 155 2876 394 2979; x_wconf 72' lang='lat' dir='ltr'><strong>(nescio</strong></span> <span class='ocrx_word' id='word_1_271' title='bbox 441 2896 590 2937; x_wconf 87' lang='lat' dir='ltr'><strong>num</strong></span> <span class='ocrx_word' id='word_1_272' title='bbox 625 2877 964 2957; x_wconf 84' lang='lat' dir='ltr'><strong>Staphylini</strong></span> <span class='ocrx_word' id='word_1_273' title='bbox 1009 2896 1086 2937; x_wconf 87' lang='lat' dir='ltr'><strong>an</strong></span> <span class='ocrx_word' id='word_1_274' title='bbox 1125 2876 1460 2956; x_wconf 84' lang='lat' dir='ltr'><strong>Ocypodis,</strong></span> <span class='ocrx_word' id='word_1_275' title='bbox 1485 2896 1638 2937; x_wconf 86' lang='lat' dir='ltr'><strong>anne</strong></span> <span class='ocrx_word' id='word_1_276' title='bbox 1688 2878 1893 2955; x_wconf 85' lang='lat' dir='ltr'><strong>potius</strong></span> <span class='ocrx_word' id='word_1_277' title='bbox 1938 2877 2235 2939; x_wconf 84' lang='lat' dir='ltr'><strong>Philonthi</strong></span> <span class='ocrx_word' id='word_1_278' title='bbox 2282 2878 2593 2941; x_wconf 87' lang='lat' dir='ltr'><strong>cuiusdam</strong></span> <span class='ocrx_word' id='word_1_279' title='bbox 2637 2877 2901 2953; x_wconf 86' lang='lat' dir='ltr'><strong>maioris,</strong></span> 
     </span>
     <span class='ocr_line' id='line_1_30' title="bbox 149 2965 2899 3046; baseline -0 -19"><span class='ocrx_word' id='word_1_280' title='bbox 149 2967 284 3027; x_wconf 84' lang='lat' dir='ltr'><strong>sine</strong></span> <span class='ocrx_word' id='word_1_281' title='bbox 329 2966 524 3027; x_wconf 87' lang='lat' dir='ltr'><strong>dubio</strong></span> <span class='ocrx_word' id='word_1_282' title='bbox 569 2974 774 3027; x_wconf 88' lang='lat' dir='ltr'><strong>autem</strong></span> <span class='ocrx_word' id='word_1_283' title='bbox 819 2966 1218 3045; x_wconf 85' lang='lat' dir='ltr'><strong>Staphylinini</strong></span> <span class='ocrx_word' id='word_1_284' title='bbox 1265 2966 1580 3027; x_wconf 84' lang='lat' dir='ltr'><strong>cuiusdam</strong></span> <span class='ocrx_word' id='word_1_285' title='bbox 1625 2965 1903 3045; x_wconf 82' lang='lat' dir='ltr'><strong>genuini)</strong></span> <span class='ocrx_word' id='word_1_286' title='bbox 1938 2967 2267 3046; x_wconf 84' lang='lat' dir='ltr'><strong>specimen,</strong></span> <span class='ocrx_word' id='word_1_287' title='bbox 2296 2966 2505 3045; x_wconf 87' lang='lat' dir='ltr'><strong>plures</strong></span> <span class='ocrx_word' id='word_1_288' title='bbox 2547 2985 2662 3046; x_wconf 86' lang='lat' dir='ltr'><strong>per</strong></span> <span class='ocrx_word' id='word_1_289' title='bbox 2704 2984 2899 3027; x_wconf 85' lang='lat' dir='ltr'><strong>annos</strong></span> 
     </span>
     <span class='ocr_line' id='line_1_31' title="bbox 145 3054 2897 3137; baseline 0 -20"><span class='ocrx_word' id='word_1_290' title='bbox 145 3056 292 3117; x_wconf 85' lang='lat' dir='ltr'><strong>mibi</strong></span> <span class='ocrx_word' id='word_1_291' title='bbox 350 3062 812 3129; x_wconf 80' lang='lat' dir='ltr'><strong>conservatum,</strong></span> <span class='ocrx_word' id='word_1_292' title='bbox 873 3055 1186 3135; x_wconf 79' lang='lat' dir='ltr'><strong>supplevi,</strong></span> <span class='ocrx_word' id='word_1_293' title='bbox 1256 3062 1316 3116; x_wconf 89' lang='lat' dir='ltr'><strong>et</strong></span> <span class='ocrx_word' id='word_1_294' title='bbox 1375 3054 1839 3117; x_wconf 85' lang='lat' dir='ltr'><strong>observationes</strong></span> <span class='ocrx_word' id='word_1_295' title='bbox 1918 3057 2209 3137; x_wconf 87' lang='lat' dir='ltr'><strong>quasdam</strong></span> <span class='ocrx_word' id='word_1_296' title='bbox 2284 3056 2529 3117; x_wconf 81' lang='lat' dir='ltr'><strong>maioris</strong></span> <span class='ocrx_word' id='word_1_297' title='bbox 2590 3056 2897 3131; x_wconf 85' lang='lat' dir='ltr'><strong>momenti,</strong></span> 
     </span>
     <span class='ocr_line' id='line_1_32' title="bbox 147 3144 2902 3227; baseline 0 -22"><span class='ocrx_word' id='word_1_298' title='bbox 147 3166 308 3227; x_wconf 87' lang='lat' dir='ltr'><strong>quae</strong></span> <span class='ocrx_word' id='word_1_299' title='bbox 369 3152 658 3207; x_wconf 84' lang='lat' dir='ltr'><strong>auctores</strong></span> <span class='ocrx_word' id='word_1_300' title='bbox 723 3144 994 3226; x_wconf 87' lang='lat' dir='ltr'><strong>reliquos</strong></span> <span class='ocrx_word' id='word_1_301' title='bbox 1059 3146 1370 3224; x_wconf 79' lang='lat' dir='ltr'><strong>fugerunt,</strong></span> <span class='ocrx_word' id='word_1_302' title='bbox 1429 3145 1508 3204; x_wconf 88' lang='lat' dir='ltr'><strong>de</strong></span> <span class='ocrx_word' id='word_1_303' title='bbox 1575 3146 1704 3207; x_wconf 83' lang='lat' dir='ltr'><strong>eius</strong></span> <span class='ocrx_word' id='word_1_304' title='bbox 1770 3153 2075 3207; x_wconf 84' lang='lat' dir='ltr'><strong>structura</strong></span> <span class='ocrx_word' id='word_1_305' title='bbox 2141 3145 2359 3207; x_wconf 88' lang='lat' dir='ltr'><strong>addidi.</strong></span> <span class='ocrx_word' id='word_1_306' title='bbox 2495 3144 2902 3210; x_wconf 78' lang='lat' dir='ltr'><strong>plurimorum</strong></span> 
     </span>
     <span class='ocr_line' id='line_1_33' title="bbox 145 3232 2423 3316; baseline -0.001 -19"><span class='ocrx_word' id='word_1_307' title='bbox 145 3234 650 3316; x_wconf 69' lang='lat' dir='ltr'><strong>Snphylinoram</strong></span> <span class='ocrx_word' id='word_1_308' title='bbox 699 3234 1222 3313; x_wconf 85' lang='lat' dir='ltr'><strong>metamorphoses</strong></span> <span class='ocrx_word' id='word_1_309' title='bbox 1269 3232 1656 3295; x_wconf 81' lang='lat' dir='ltr'><strong>illustrandas</strong></span> <span class='ocrx_word' id='word_1_310' title='bbox 1698 3235 1967 3313; x_wconf 82' lang='lat' dir='ltr'><strong>posteris</strong></span> <span class='ocrx_word' id='word_1_311' title='bbox 2014 3234 2423 3315; x_wconf 83' lang='lat' dir='ltr'><strong>relinquimus.</strong></span> 
     </span>
    </p>
   </div>
   <div class='ocr_carea' id='block_1_9' title="bbox 1216 3446 1729 3529">
    <p class='ocr_par' dir='ltr' id='par_1_9' title="bbox 1216 3446 1729 3529">
     <span class='ocr_line' id='line_1_34' title="bbox 1216 3446 1729 3529; baseline 0.004 -1"><span class='ocrx_word' id='word_1_312' title='bbox 1216 3446 1230 3463; x_wconf 58' lang='lat'><em>⁶</em></span> <span class='ocrx_word' id='word_1_313' title='bbox 1315 3462 1426 3529; x_wconf 90' lang='lat' dir='ltr'><strong>De</strong></span> <span class='ocrx_word' id='word_1_314' title='bbox 1500 3461 1729 3529; x_wconf 70' lang='lat' dir='ltr'><strong>victu-</strong></span> 
     </span>
    </p>
   </div>
   <div class='ocr_carea' id='block_1_10' title="bbox 149 3534 2911 4832">
    <p class='ocr_par' dir='ltr' id='par_1_10' title="bbox 149 3534 2911 4832">
     <span class='ocr_line' id='line_1_35' title="bbox 329 3534 2901 3677; baseline -0.002 -24"><span class='ocrx_word' id='word_1_315' title='bbox 329 3588 520 3653; x_wconf 75' lang='lat' dir='ltr'><strong>Victu</strong></span> <span class='ocrx_word' id='word_1_316' title='bbox 586 3534 904 3671; x_wconf 82' lang='lat' dir='ltr'><strong>Staphilini</strong></span> <span class='ocrx_word' id='word_1_317' title='bbox 971 3586 1250 3677; x_wconf 84' lang='lat' dir='ltr'><strong>plerique</strong></span> <span class='ocrx_word' id='word_1_318' title='bbox 1328 3611 1454 3655; x_wconf 87' lang='lat' dir='ltr'><strong>non</strong></span> <span class='ocrx_word' id='word_1_319' title='bbox 1530 3592 1731 3656; x_wconf 87' lang='lat' dir='ltr'><strong>solum</strong></span> <span class='ocrx_word' id='word_1_320' title='bbox 1787 3585 2109 3671; x_wconf 83' lang='lat' dir='ltr'><strong>putredine</strong></span> <span class='ocrx_word' id='word_1_321' title='bbox 2188 3582 2510 3666; x_wconf 84' lang='lat' dir='ltr'><strong>delectari,</strong></span> <span class='ocrx_word' id='word_1_322' title='bbox 2588 3584 2699 3651; x_wconf 88' lang='lat' dir='ltr'><strong>sed</strong></span> <span class='ocrx_word' id='word_1_323' title='bbox 2766 3601 2901 3649; x_wconf 83' lang='lat' dir='ltr'><strong>car</strong></span> 
     </span>
     <span class='ocr_line' id='line_1_36' title="bbox 149 3675 2901 3762; baseline -0.001 -21"><span class='ocrx_word' id='word_1_324' title='bbox 149 3678 360 3741; x_wconf 75' lang='lat' dir='ltr'><strong>nivon&#39;</strong></span> <span class='ocrx_word' id='word_1_325' title='bbox 405 3684 546 3742; x_wconf 73' lang='lat' dir='ltr'><strong>esse</strong></span> <span class='ocrx_word' id='word_1_326' title='bbox 595 3682 908 3758; x_wconf 80' lang='lat' dir='ltr'><strong>videntur,</strong></span> <span class='ocrx_word' id='word_1_327' title='bbox 951 3689 1020 3744; x_wconf 78' lang='lat' dir='ltr'><strong>nt</strong></span> <span class='ocrx_word' id='word_1_328' title='bbox 1060 3681 1342 3762; x_wconf 88' lang='lat' dir='ltr'><strong>plurimi</strong></span> <span class='ocrx_word' id='word_1_329' title='bbox 1345 3681 1408 3743; x_wconf 88' lang='lat' dir='ltr'><strong>in</strong></span> <span class='ocrx_word' id='word_1_330' title='bbox 1450 3681 1646 3759; x_wconf 82' lang='lat' dir='ltr'><strong>fimo,</strong></span> <span class='ocrx_word' id='word_1_331' title='bbox 1691 3682 1755 3742; x_wconf 87' lang='lat' dir='ltr'><strong>in</strong></span> <span class='ocrx_word' id='word_1_332' title='bbox 1798 3680 2173 3759; x_wconf 77' lang='lat' dir='ltr'><strong>vegabilibus</strong></span> <span class='ocrx_word' id='word_1_333' title='bbox 2218 3679 2471 3759; x_wconf 87' lang='lat' dir='ltr'><strong>putridis</strong></span> <span class='ocrx_word' id='word_1_334' title='bbox 2518 3684 2580 3741; x_wconf 89' lang='lat' dir='ltr'><strong>et</strong></span> <span class='ocrx_word' id='word_1_335' title='bbox 2625 3677 2685 3737; x_wconf 90' lang='lat' dir='ltr'><strong>iu</strong></span> <span class='ocrx_word' id='word_1_336' title='bbox 2729 3675 2901 3737; x_wconf 87' lang='lat' dir='ltr'><strong>bole-</strong></span> 
     </span>
     <span class='ocr_line' id='line_1_37' title="bbox 153 3766 2900 3851; baseline -0.002 -20"><span class='ocrx_word' id='word_1_337' title='bbox 153 3770 230 3831; x_wconf 82' lang='lat' dir='ltr'><strong>tis</strong></span> <span class='ocrx_word' id='word_1_338' title='bbox 278 3769 478 3846; x_wconf 76' lang='lat' dir='ltr'><strong>obvii,</strong></span> <span class='ocrx_word' id='word_1_339' title='bbox 538 3769 672 3831; x_wconf 86' lang='lat' dir='ltr'><strong>aliis</strong></span> <span class='ocrx_word' id='word_1_340' title='bbox 719 3770 896 3832; x_wconf 83' lang='lat' dir='ltr'><strong>etiam</strong></span> <span class='ocrx_word' id='word_1_341' title='bbox 939 3770 1218 3847; x_wconf 86' lang='lat' dir='ltr'><strong>insectis,</strong></span> <span class='ocrx_word' id='word_1_342' title='bbox 1266 3770 1594 3851; x_wconf 85' lang='lat' dir='ltr'><strong>praecipue</strong></span> <span class='ocrx_word' id='word_1_343' title='bbox 1640 3770 2033 3849; x_wconf 87' lang='lat' dir='ltr'><strong>Dipterorum</strong></span> <span class='ocrx_word' id='word_1_344' title='bbox 2078 3769 2290 3843; x_wconf 81' lang='lat' dir='ltr'><strong>larvis,</strong></span> <span class='ocrx_word' id='word_1_345' title='bbox 2353 3768 2573 3850; x_wconf 88' lang='lat' dir='ltr'><strong>quibus</strong></span> <span class='ocrx_word' id='word_1_346' title='bbox 2620 3766 2900 3827; x_wconf 86' lang='lat' dir='ltr'><strong>materies</strong></span> 
     </span>
     <span class='ocr_line' id='line_1_38' title="bbox 157 3854 2903 3939; baseline -0.002 -19"><span class='ocrx_word' id='word_1_347' title='bbox 157 3858 294 3921; x_wconf 85' lang='lat' dir='ltr'><strong>illae</strong></span> <span class='ocrx_word' id='word_1_348' title='bbox 359 3866 792 3939; x_wconf 80' lang='lat' dir='ltr'><strong>putrescentes</strong></span> <span class='ocrx_word' id='word_1_349' title='bbox 837 3859 1166 3936; x_wconf 81' lang='lat' dir='ltr'><strong>abundant,</strong></span> <span class='ocrx_word' id='word_1_350' title='bbox 1223 3860 1466 3923; x_wconf 87' lang='lat' dir='ltr'><strong>ibidem</strong></span> <span class='ocrx_word' id='word_1_351' title='bbox 1495 3860 1761 3923; x_wconf 86' lang='lat' dir='ltr'><strong>insidiari</strong></span> <span class='ocrx_word' id='word_1_352' title='bbox 1805 3860 2139 3921; x_wconf 84' lang='lat' dir='ltr'><strong>videantur.</strong></span> <span class='ocrx_word' id='word_1_353' title='bbox 2228 3854 2409 3919; x_wconf 88' lang='lat' dir='ltr'><strong>Multi</strong></span> <span class='ocrx_word' id='word_1_354' title='bbox 2456 3857 2633 3919; x_wconf 87' lang='lat' dir='ltr'><strong>etiam</strong></span> <span class='ocrx_word' id='word_1_355' title='bbox 2678 3855 2903 3915; x_wconf 88' lang='lat' dir='ltr'><strong>anima-</strong></span> 
     </span>
     <span class='ocr_line' id='line_1_39' title="bbox 161 3948 2903 4030; baseline -0.001 -21"><span class='ocrx_word' id='word_1_356' title='bbox 161 3948 300 4009; x_wconf 82' lang='lat' dir='ltr'><strong>lium</strong></span> <span class='ocrx_word' id='word_1_357' title='bbox 363 3950 674 4011; x_wconf 83' lang='lat' dir='ltr'><strong>cadavera</strong></span> <span class='ocrx_word' id='word_1_358' title='bbox 729 3948 968 4030; x_wconf 87' lang='lat' dir='ltr'><strong>copiosi</strong></span> <span class='ocrx_word' id='word_1_359' title='bbox 1029 3948 1461 4029; x_wconf 81' lang='lat' dir='ltr'><strong>aggrediuntur</strong></span> <span class='ocrx_word' id='word_1_360' title='bbox 1525 3957 1589 4011; x_wconf 91' lang='lat' dir='ltr'><strong>et</strong></span> <span class='ocrx_word' id='word_1_361' title='bbox 1646 3970 1789 4011; x_wconf 85' lang='lat' dir='ltr'><strong>cum</strong></span> <span class='ocrx_word' id='word_1_362' title='bbox 1844 3948 2067 4027; x_wconf 85' lang='lat' dir='ltr'><strong>Silphis</strong></span> <span class='ocrx_word' id='word_1_363' title='bbox 2128 3966 2311 4009; x_wconf 84' lang='lat' dir='ltr'><strong>carne</strong></span> <span class='ocrx_word' id='word_1_364' title='bbox 2356 3953 2746 4026; x_wconf 83' lang='lat' dir='ltr'><strong>putrescente</strong></span> <span class='ocrx_word' id='word_1_365' title='bbox 2794 3963 2903 4005; x_wconf 82' lang='lat' dir='ltr'><strong>ve-</strong></span> 
     </span>
     <span class='ocr_line' id='line_1_40' title="bbox 157 4033 2901 4119; baseline -0.003 -20"><span class='ocrx_word' id='word_1_366' title='bbox 157 4046 432 4101; x_wconf 81' lang='lat' dir='ltr'><strong>scuntur.</strong></span> <span class='ocrx_word' id='word_1_367' title='bbox 521 4038 778 4101; x_wconf 83' lang='lat' dir='ltr'><strong>Stercus</strong></span> <span class='ocrx_word' id='word_1_368' title='bbox 823 4038 1152 4119; x_wconf 83' lang='lat' dir='ltr'><strong>praecipue</strong></span> <span class='ocrx_word' id='word_1_369' title='bbox 1196 4040 1457 4101; x_wconf 86' lang='lat' dir='ltr'><strong>habitant</strong></span> <span class='ocrx_word' id='word_1_370' title='bbox 1503 4038 1783 4115; x_wconf 80' lang='lat' dir='ltr'><strong>Taeliini,</strong></span> <span class='ocrx_word' id='word_1_371' title='bbox 1842 4036 2174 4116; x_wconf 86' lang='lat' dir='ltr'><strong>Staphyliui</strong></span> <span class='ocrx_word' id='word_1_372' title='bbox 2229 4035 2537 4111; x_wconf 87' lang='lat' dir='ltr'><strong>nonnulli,</strong></span> <span class='ocrx_word' id='word_1_373' title='bbox 2586 4033 2901 4109; x_wconf 82' lang='lat' dir='ltr'><strong>Philonthi,</strong></span> 
     </span>
     <span class='ocr_line' id='line_1_41' title="bbox 155 4122 2903 4210; baseline -0.002 -21"><span class='ocrx_word' id='word_1_374' title='bbox 155 4127 442 4207; x_wconf 82' lang='lat' dir='ltr'><strong>Oxyteli,</strong></span> <span class='ocrx_word' id='word_1_375' title='bbox 479 4127 808 4206; x_wconf 79' lang='lat' dir='ltr'><strong>‚vegetabia</strong></span> <span class='ocrx_word' id='word_1_376' title='bbox 848 4128 1092 4207; x_wconf 85' lang='lat' dir='ltr'><strong>putrida</strong></span> <span class='ocrx_word' id='word_1_377' title='bbox 1138 4128 1523 4189; x_wconf 74' lang='lat' dir='ltr'><strong>Aleocharini</strong></span> <span class='ocrx_word' id='word_1_378' title='bbox 1564 4128 1873 4210; x_wconf 88' lang='lat' dir='ltr'><strong>plerique,</strong></span> <span class='ocrx_word' id='word_1_379' title='bbox 1920 4126 2159 4188; x_wconf 88' lang='lat' dir='ltr'><strong>Conuri</strong></span> <span class='ocrx_word' id='word_1_380' title='bbox 2178 4174 2194 4201; x_wconf 92' lang='lat'><strong>,</strong></span> <span class='ocrx_word' id='word_1_381' title='bbox 2241 4125 2615 4204; x_wconf 84' lang='lat' dir='ltr'><strong>Tachypori,</strong></span> <span class='ocrx_word' id='word_1_382' title='bbox 2664 4122 2903 4203; x_wconf 82' lang='lat' dir='ltr'><strong>Quedii,</strong></span> 
     </span>
     <span class='ocr_line' id='line_1_42' title="bbox 153 4212 2904 4297; baseline -0.001 -20"><span class='ocrx_word' id='word_1_383' title='bbox 153 4217 480 4279; x_wconf 85' lang='lat' dir='ltr'><strong>Paederini</strong></span> <span class='ocrx_word' id='word_1_384' title='bbox 523 4216 786 4297; x_wconf 85' lang='lat' dir='ltr'><strong>plurimi,</strong></span> <span class='ocrx_word' id='word_1_385' title='bbox 845 4216 1088 4281; x_wconf 87' lang='lat' dir='ltr'><strong>boletos</strong></span> <span class='ocrx_word' id='word_1_386' title='bbox 1134 4217 1522 4279; x_wconf 83' lang='lat' dir='ltr'><strong>Aleochariui</strong></span> <span class='ocrx_word' id='word_1_387' title='bbox 1569 4216 1851 4297; x_wconf 88' lang='lat' dir='ltr'><strong>permulti</strong></span> <span class='ocrx_word' id='word_1_388' title='bbox 1892 4215 2181 4293; x_wconf 87' lang='lat' dir='ltr'><strong>(Autalia‚</strong></span> <span class='ocrx_word' id='word_1_389' title='bbox 2248 4214 2649 4289; x_wconf 84' lang='lat' dir='ltr'><strong>Bolitochara,</strong></span> <span class='ocrx_word' id='word_1_390' title='bbox 2698 4212 2904 4290; x_wconf 65' lang='lat' dir='ltr'><strong>Gyro⁴</strong></span> 
     </span>
     <span class='ocr_line' id='line_1_43' title="bbox 157 4300 2902 4409; baseline -0.002 -42"><span class='ocrx_word' id='word_1_391' title='bbox 157 4308 408 4409; x_wconf 83' lang='lat' dir='ltr'><strong>phaena</strong></span> <span class='ocrx_word' id='word_1_392' title='bbox 437 4308 614 4385; x_wconf 85' lang='lat' dir='ltr'><strong>etc.,)</strong></span> <span class='ocrx_word' id='word_1_393' title='bbox 651 4306 810 4369; x_wconf 88' lang='lat' dir='ltr'><strong>inter</strong></span> <span class='ocrx_word' id='word_1_394' title='bbox 833 4306 1302 4387; x_wconf 86' lang='lat' dir='ltr'><strong>Tachyporinos</strong></span> <span class='ocrx_word' id='word_1_395' title='bbox 1345 4306 1654 4369; x_wconf 78' lang='lat' dir='ltr'><strong>Boletobii</strong></span> <span class='ocrx_word' id='word_1_396' title='bbox 1699 4315 1761 4366; x_wconf 80' lang='lat' dir='ltr'><strong>et</strong></span> <span class='ocrx_word' id='word_1_397' title='bbox 1806 4305 2219 4385; x_wconf 87' lang='lat' dir='ltr'><strong>Mycetopori‚</strong></span> <span class='ocrx_word' id='word_1_398' title='bbox 2246 4306 2403 4367; x_wconf 88' lang='lat' dir='ltr'><strong>inter</strong></span> <span class='ocrx_word' id='word_1_399' title='bbox 2446 4300 2902 4380; x_wconf 86' lang='lat' dir='ltr'><strong>Staphylininos</strong></span> 
     </span>
     <span class='ocr_line' id='line_1_44' title="bbox 165 4390 2903 4477; baseline -0.002 -22"><span class='ocrx_word' id='word_1_400' title='bbox 165 4396 446 4475; x_wconf 80' lang='lat' dir='ltr'><strong>impn&#39;mis</strong></span> <span class='ocrx_word' id='word_1_401' title='bbox 498 4397 802 4477; x_wconf 78' lang='lat' dir='ltr'><strong>oxypori.</strong></span> <span class='ocrx_word' id='word_1_402' title='bbox 894 4392 1266 4459; x_wconf 77' lang='lat' dir='ltr'><strong>Caraborum</strong></span> <span class='ocrx_word' id='word_1_403' title='bbox 1315 4414 1490 4459; x_wconf 88' lang='lat' dir='ltr'><strong>more</strong></span> <span class='ocrx_word' id='word_1_404' title='bbox 1537 4393 1875 4475; x_wconf 84' lang='lat' dir='ltr'><strong>Staphylini</strong></span> <span class='ocrx_word' id='word_1_405' title='bbox 1921 4394 2183 4456; x_wconf 86' lang='lat' dir='ltr'><strong>maiores</strong></span> <span class='ocrx_word' id='word_1_406' title='bbox 2231 4390 2599 4472; x_wconf 87' lang='lat' dir='ltr'><strong>(Staphylini</strong></span> <span class='ocrx_word' id='word_1_407' title='bbox 2645 4390 2903 4469; x_wconf 74' lang='lat' dir='ltr'><strong>genuini,</strong></span> 
     </span>
     <span class='ocr_line' id='line_1_45' title="bbox 164 4472 2907 4587; baseline -0.002 -42"><span class='ocrx_word' id='word_1_408' title='bbox 164 4487 570 4566; x_wconf 81' lang='lat' dir='ltr'><strong>Ocypodes),</strong></span> <span class='ocrx_word' id='word_1_409' title='bbox 655 4480 920 4548; x_wconf 83' lang='lat' dir='ltr'><strong>interdiu</strong></span> <span class='ocrx_word' id='word_1_410' title='bbox 987 4486 1050 4547; x_wconf 90' lang='lat' dir='ltr'><strong>in</strong></span> <span class='ocrx_word' id='word_1_411' title='bbox 1117 4494 1312 4563; x_wconf 86' lang='lat' dir='ltr'><strong>terra,</strong></span> <span class='ocrx_word' id='word_1_412' title='bbox 1396 4486 1510 4549; x_wconf 84' lang='lat' dir='ltr'><strong>sub</strong></span> <span class='ocrx_word' id='word_1_413' title='bbox 1583 4503 1831 4562; x_wconf 85' lang='lat' dir='ltr'><strong>musco,</strong></span> <span class='ocrx_word' id='word_1_414' title='bbox 1909 4483 2075 4547; x_wconf 84' lang='lat' dir='ltr'><strong>foliis</strong></span> <span class='ocrx_word' id='word_1_415' title='bbox 2142 4484 2415 4545; x_wconf 82' lang='lat' dir='ltr'><strong>deciduis</strong></span> <span class='ocrx_word' id='word_1_416' title='bbox 2482 4488 2545 4542; x_wconf 90' lang='lat' dir='ltr'><strong>et</strong></span> <span class='ocrx_word' id='word_1_417' title='bbox 2606 4472 2907 4587; x_wconf 80' lang='lat' dir='ltr'><strong>lapidibus</strong></span> 
     </span>
     <span class='ocr_line' id='line_1_46' title="bbox 153 4568 2907 4655; baseline -0.002 -20"><span class='ocrx_word' id='word_1_418' title='bbox 153 4574 414 4651; x_wconf 81' lang='lat' dir='ltr'><strong>latitant,</strong></span> <span class='ocrx_word' id='word_1_419' title='bbox 473 4582 672 4638; x_wconf 87' lang='lat' dir='ltr'><strong>noctu</strong></span> <span class='ocrx_word' id='word_1_420' title='bbox 727 4576 1246 4655; x_wconf 80' lang='lat' dir='ltr'><strong>circumvagantes</strong></span> <span class='ocrx_word' id='word_1_421' title='bbox 1309 4576 1544 4637; x_wconf 79' lang='lat' dir='ltr'><strong>insecta</strong></span> <span class='ocrx_word' id='word_1_422' title='bbox 1597 4582 1924 4649; x_wconf 77' lang='lat' dir='ltr'><strong>venantur,</strong></span> <span class='ocrx_word' id='word_1_423' title='bbox 1980 4572 2082 4635; x_wconf 88' lang='lat' dir='ltr'><strong>alii</strong></span> <span class='ocrx_word' id='word_1_424' title='bbox 2140 4570 2399 4635; x_wconf 84' lang='lat' dir='ltr'><strong>interdiu</strong></span> <span class='ocrx_word' id='word_1_425' title='bbox 2468 4569 2531 4631; x_wconf 87' lang='lat' dir='ltr'><strong>in</strong></span> <span class='ocrx_word' id='word_1_426' title='bbox 2590 4588 2777 4631; x_wconf 86' lang='lat' dir='ltr'><strong>arena</strong></span> <span class='ocrx_word' id='word_1_427' title='bbox 2824 4568 2907 4629; x_wconf 88' lang='lat' dir='ltr'><strong>ri·-</strong></span> 
     </span>
     <span class='ocr_line' id='line_1_47' title="bbox 155 4657 2907 4745; baseline -0.003 -18"><span class='ocrx_word' id='word_1_428' title='bbox 155 4666 322 4743; x_wconf 84' lang='lat' dir='ltr'><strong>paria</strong></span> <span class='ocrx_word' id='word_1_429' title='bbox 363 4666 621 4727; x_wconf 77' lang='lat' dir='ltr'><strong>humida</strong></span> <span class='ocrx_word' id='word_1_430' title='bbox 661 4684 900 4729; x_wconf 83' lang='lat' dir='ltr'><strong>summa</strong></span> <span class='ocrx_word' id='word_1_431' title='bbox 939 4665 1202 4745; x_wconf 75' lang='lat' dir='ltr'><strong>agilitate</strong></span> <span class='ocrx_word' id='word_1_432' title='bbox 1245 4663 1540 4727; x_wconf 81' lang='lat' dir='ltr'><strong>cursitant</strong></span> <span class='ocrx_word' id='word_1_433' title='bbox 1583 4662 1781 4743; x_wconf 86' lang='lat' dir='ltr'><strong>(Steni</strong></span> <span class='ocrx_word' id='word_1_434' title='bbox 1795 4711 1812 4741; x_wconf 91' lang='lat'><strong>,</strong></span> <span class='ocrx_word' id='word_1_435' title='bbox 1872 4662 2281 4742; x_wconf 86' lang='lat' dir='ltr'><strong>Tachyusae).</strong></span> <span class='ocrx_word' id='word_1_436' title='bbox 2390 4657 2680 4721; x_wconf 80' lang='lat' dir='ltr'><strong>Permulti</strong></span> <span class='ocrx_word' id='word_1_437' title='bbox 2730 4658 2907 4719; x_wconf 84' lang='lat' dir='ltr'><strong>etiam</strong></span> 
     </span>
     <span class='ocr_line' id='line_1_48' title="bbox 155 4746 2911 4832; baseline -0.003 -16"><span class='ocrx_word' id='word_1_438' title='bbox 155 4754 262 4817; x_wconf 82' lang='lat' dir='ltr'><strong>sub</strong></span> <span class='ocrx_word' id='word_1_439' title='bbox 307 4755 606 4822; x_wconf 85' lang='lat' dir='ltr'><strong>arborum</strong></span> <span class='ocrx_word' id='word_1_440' title='bbox 655 4754 894 4819; x_wconf 79' lang='lat' dir='ltr'><strong>cortice</strong></span> <span class='ocrx_word' id='word_1_441' title='bbox 937 4755 1152 4819; x_wconf 84' lang='lat' dir='ltr'><strong>latent:</strong></span> <span class='ocrx_word' id='word_1_442' title='bbox 1195 4755 1356 4819; x_wconf 85' lang='lat' dir='ltr'><strong>inter</strong></span> <span class='ocrx_word' id='word_1_443' title='bbox 1395 4752 1840 4817; x_wconf 77' lang='lat' dir='ltr'><strong>Aleocharinos</strong></span> <span class='ocrx_word' id='word_1_444' title='bbox 1907 4752 2331 4832; x_wconf 81' lang='lat' dir='ltr'><strong>Phloeoporae</strong></span> <span class='ocrx_word' id='word_1_445' title='bbox 2386 4748 2735 4826; x_wconf 84' lang='lat' dir='ltr'><strong>nonnullae,</strong></span> <span class='ocrx_word' id='word_1_446' title='bbox 2778 4746 2911 4809; x_wconf 70' lang='lat' dir='ltr'><strong>Ho⁴</strong></span> 
     </span>
    </p>
   </div>
  </div>
 </body>
</html>
