3409 5250
459 363 464 366 ι
523 269 612 343 ΪΒ
801 349 809 357 ,
1565 257 1570 270 ¹
1681 263 2019 348 Sfapbylini.
2115 237 2141 254 θ

530 446 790 512 malotae
833 452 898 510 e‘t
941 439 1210 510 secunda
1253 440 1702 525 oxypodarum
1740 447 1951 523 sectio,
2012 443 2170 508 inter
2212 439 2663 526 Staphylinlnos
2708 439 2933 527 Quedii
2976 439 3259 509 nonnulli

531 543 637 619 (Q.
661 538 1008 617 laevigatus,
1055 535 1294 614 scitus),
1313 530 1454 597 dein
1499 534 1747 598 Piestini
1792 554 2006 596 omnes
2054 544 2117 598 et
2158 535 2639 612 Phloeocharini,
2684 536 3029 616 Glyptoma.
3086 540 3262 598 Oso-

531 628 606 690 rii
653 627 764 688 sub
811 627 1040 689 cortice
1101 631 1492 706 putrescente
1551 623 1865 686 cuniculos
1925 623 2039 686 sibi
2094 631 2325 704 parant.
2426 624 2631 686 Bledii
2694 645 2973 708 quoque,
3000 655 3005 672 ι
3030 625 3131 686 alii
3192 628 3261 687 in

531 735 714 778 arena
770 717 992 796 riparia
1033 714 1135 776 vel
1191 713 1467 792 littorali,
1525 713 1626 775 alii
1683 714 1743 774 in
1802 721 1967 775 terra
2024 713 2247 793 pingua
2292 714 2639 787 cuniculos,
2682 732 3115 796 nonnunquam
3164 721 3265 777 sat

529 806 876 886 profundos
935 804 1246 866 effodiunt.
1336 803 1525 868 Simili
1567 823 1644 865 ac
1687 803 1965 864 nonnulli
2002 801 2301 864 littorales
2346 803 2545 865 Bledii
2586 803 2744 866 vitae
2786 806 3021 866 ratione
3066 803 3263 867 Aleo-

531 896 916 957 cbarinorum
959 895 1214 974 specieS,
1261 893 1550 972 Diglossa
1595 911 1809 968 mersa,
1868 892 2148 972 insignis,
2210 911 2367 974 quae
2422 893 2485 956 in
2540 911 2725 954 arena
2780 893 3025 957 littorali
3082 903 3261 956 aestu

530 985 816 1048 inundata
875 984 1104 1064 degens
1121 1031 1136 1060 ,
1209 981 1458 1044 alteruis
1515 983 1747 1044 vicibus
1821 982 2009 1043 fluctu
2076 981 2396 1060 obtegitur.
2528 982 2818 1044 Floribus
2876 983 3265 1047 delectantur

527 1074 934 1138 Nitidularnm
981 1091 1152 1135 more
1200 1073 1614 1134 Omalinorum
1658 1071 1897 1152 plurimi
1942 1071 2387 1141 et,Proteinus.
2494 1098 2499 1108 ·

703 1165 774 1227 ln
815 1162 1148 1225 formicetis
1194 1161 1370 1222 etiam
1417 1162 1660 1243 qnidam
1701 1160 2011 1240 Staphiliui
2056 1161 2405 1242 quaerendi,
2464 1161 2791 1241 praecipue
2836 1155 3259 1224 Aleochariniz

427 1302 440 1324 .
530 1256 924 1328 Lomechusa,
969 1251 1252 1328 Dinarda,
1299 1251 1596 1330 Eun-yma,
1653 1249 2139 1330 Myrmedoniae,
2184 1269 2220 1312 e
2266 1250 2513 1331 reliquis
2542 1251 2721 1312 etiam
2750 1251 3077 1331 generibus
3112 1270 3263 1330 spe-

529 1345 655 1405 cies
703 1342 992 1422 singulae,
1039 1360 1094 1403 e.
1139 1360 1196 1419 g.
1241 1341 1530 1424 Falagria
1561 1340 1885 1416 thoracica,
1930 1339 2255 1401 Homalota
2298 1359 2544 1420 ancepS,
2576 1339 2919 1404 Aleocbara
2960 1339 3265 1420 angulata,

527 1455 564 1494 e
609 1431 860 1514 reliquis
906 1429 1271 1510 staphylinis
1317 1429 1546 1509 pariter
1585 1428 1828 1533 species
1874 1427 2167 1508 singulae,
2206 1448 2263 1492 e.
2308 1451 2362 1491 c.
2408 1425 2635 1492 Stenus
2680 1431 3013 1494 aterrimus.

704 1520 991 1584 Permulti
1067 1518 1404 1598 Staphylini
1461 1519 1524 1580 in
1585 1519 1733 1598 ripis
1794 1526 2157 1594 occurrunt,
2240 1519 2570 1606 praecipue
2626 1520 2885 1582 Paederi
2942 1525 3037 1581 et·
3062 1517 3259 1596 Steni,

527 1609 696 1672 multi
757 1609 1142 1671 Aleoobarini
1203 1615 1266 1670 et
1307 1609 1656 1688 complures
1701 1607 2029 1686 Oxytelini.
2118 1603 2417 1672 Nonnulli
2460 1608 2639 1670 etiam
2667 1609 2925 1684 nonnisi
2968 1609 3026 1670 in
3074 1606 3261 1668 maris

525 1700 830 1762 littoribus
891 1691 1056 1760 obvii
1112 1704 1280 1774 sunt,
1345 1705 1450 1759 aut
1506 1697 1620 1758 sub
1680 1697 1837 1758 fucis
1894 1699 2377 1776 putrescentibus
2434 1697 2811 1774 (Philontbus
2854 1698 3261 1774 xmtholoma,

524 1790 835 1870 fficicola),
863 1793 966 1848 aut
1018 1787 1081 1847 in
1122 1788 1306 1848 humo
1350 1788 1542 1848 fluctu
1585 1785 1749 1848 salso
1794 1787 2135 1852 humectata
2154 1787 2431 1866 (Bledius
2476 1788 2765 1865 fflrcatuS,
2786 1787 3161 1864 unicornis);
3195 1786 3263 1847 1ιί

527 1880 754 1959 pariter
799 1879 859 1940 in
901 1877 1144 1938 lacuum
1189 1875 1498 1938 salsorum
1543 1875 1690 1956 ripis
1738 1875 2097 1953 obveniunt,
2162 1877 2265 1958 qui
2324 1875 2579 1940 similem
2638 1877 2765 1940 sale
2822 1885 3261 1958 praegnantem

527 1969 764 2048 glebam
809 1967 880 2028 iis
925 1965 1236 2046 praebent.
1321 2004 1328 2014 ·

707 2057 918 2120 Larvis
979 2055 1194 2118 eadem
1254 2054 1410 2117 vitae
1467 2053 1622 2116 ratio
1683 2071 1757 2114 ac
1813 2051 2164 2134 imaginibus
2224 2061 2337 2118 est.
2449 2053 2751 2118 Plurimae
2796 2055 3021 2136 pariter
3062 2073 3261 2135 vagae

526 2157 682 2209 sunt.
754 2144 1110 2224 'Ocypodis
1167 2144 1386 2206 olentis
1443 2143 1642 2219 larva,
1699 2144 2005 2206 larvarum
2064 2143 2511 2206 Cicindelarum
2576 2161 2781 2222 more,
2850 2145 2911 2207 in
2968 2145 3259 2208 cuniculo

526 2237 700 2316 latet,
759 2255 968 2317 quem,
1023 2233 1382 2298 mandibulis
1437 2240 1663 2294 terram
1707 2232 2003 2312 arripiens
2052 2239 2117 2294 et
2154 2233 2411 2312 ped-ibus
2458 2234 2859 2297 anterioribus
2903 2233 3261 2314 pro'iicienS,

523 2327 666 2386 dein
713 2345 791 2385 ex
834 2323 1146 2404 profundo
1195 2319 1552 2384 mandibulis
1599 2329 1824 2387 terram
1866 2321 2198 2383 tollendam
2244 2325 2547 2401 auferens,
2567 2323 2873 2387 dimidium
2908 2324 3007 2386 vel
3055 2331 3260 2386 totum

521 2415 747 2495 pedem
805 2413 1204 2492 profundum,
1272 2410 1521 2492 oblique
1579 2409 2057 2472 descendentem
2110 2419 2318 2491 parat.-
2412 2413 2777 2496 Plerumque
2820 2415 2991 2482 larva
3033 2417 3095 2474 in
3142 2433 3260 2475 cu-

521 2503 708 2566 niculi
756 2501 994 2563 orificio
1041 2501 1302 2576 cubam,
1353 2498 1713 2560 mandibulis
1760 2499 1983 2578 apertis
2042 2498 2290 2562 insectis
2344 2503 2867 2582 praetereuntibus
2922 2503 3261 2580 insidiatur,

527 2612 714 2675 quae,
783 2589 1140 2673 simulatque
1199 2609 1274 2652 ea
1317 2589 1698 2685 prehendere
1756 2587 1944 2667 valet,
2002 2589 2239 2653 minora
2296 2591 2359 2653 in
2412 2591 2677 2655 cuniculi
2731 2593 2983 2657 fundum
3042 2611 3261 2655 secum

433 2698 448 2719 ‘
527 2684 796 2759 detrahit,
857 2681 1101 2758 maiora,
1154 2678 1411 2759 pedibus
1435 2668 1862 2741 anterioribus
1906 2680 2195 2759 praedam
2241 2682 2554 2762 arripiens,
2606 2683 2857 2763 posticis
2900 2681 3134 2761 adnixa,
3192 2684 3261 2745 in

525 2772 794 2836 cuniculi
841 2771 1078 2832 orificio
1123 2769 1462 2850 depascit.

701 2859 1022 2923 O.olentis
1044 2858 1272 2921 larvam
1293 2876 1558 2933 erucam,
1581 2876 1761 2938 quam
1798 2856 1856 2919 ei
1882 2856 2265 2940 praebuerat,
2281 2857 2704 2938 devoravisse,
2736 2860 2985 2923 alterius
3010 2876 3259 2938 erucae,

521 2865 758 3013 brevio
739 2959 1050 3031 tempore·
1062 2958 1208 3029 post
1253 2949 1310 3009 ei
1355 2947 1596 3009 oblatae
1652 2947 2075 3012 tautummodo
2136 2948 2493 3027 sanguinem
2550 2950 2777 3011 bibisse
2832 2950 3011 3012 tradit
3066 2951 3257 3013 Dom.

521 3042 703 3117 Beer,
751 3047 812 3101 at
857 3045 1026 3119 patet
1067 3059 1146 3099 ex
1193 3038 1320 3100 oris
1367 3037 1612 3099 omnino
1659 3035 1869 3113 clausi,
1922 3035 2279 3099 mandibulis
2326 3038 2477 3100 solis
2522 3039 2749 3119 perviis
2790 3036 3051 3123 praediti
3090 3048 3259 3103 stru·-

521 3140 724 3206 c-tura,
788 3148 920 3190 eam
975 3127 1218 3190 nonnisi
1261 3127 1540 3207 sugendo
1591 3144 1668 3187 ex
1711 3126 1941 3204 praeda
1982 3144 2115 3203 sua¹
2138 3126 2565 3189 nutrimentum
2608 3148 2847 3209 capere.
2938 3130 3107 3191 Haec
3152 3129 3271 3191 res

523 3219 1040 3281 accuratissimum
1103 3216 1435 3279 Frischium
1497 3234 1622 3277 non
1683 3216 1933 3279 omnino
1992 3216 2157 3295 fug-it.
2270 3216 2516 3279 Helices
2576 3218 2755 3281 etiam
2808 3218 3037 3281 larvam
3090 3218 3259 3281 illam

523 3310 698 3370 avide
745 3308 1092 3387 arripuisse,
1135 3316 1196 3367 at
1241 3326 1349 3368 ore
1397 3326 1580 3368 muco
1625 3304 1861 3366 illarum
1910 3306 2181 3368 obducto
2229 3306 2614 3388 relinquisse,
2638 3306 2895 3370 helicem
2925 3306 3255 3370 dissectam

521 3408 724 3460 autem
781 3396 1066 3477 paulatim
1125 3395 1520 3457 devoravisse
1581 3394 1764 3455 Dom'.
1824 3394 1991 3455 Heer
2046 3394 2409 3459 observavit.
2496 3392 2701 3459 Nocte
2768 3397 2962 3459 semel
3018 3397 3257 3459 larvam

523 3498 696 3549 extra
753 3484 1098 3548 cuniculum
1155 3485 1698 3563 circumvagantem
1746 3482 1907 3545 vidit.
2041 3482 2139 3545 Ad
2163 3499 2175 3514 ⁸
2200 3484 2525 3546 cuticulam
2566 3485 2996 3565 deponendam
3036 3485 3100 3549 in
3144 3506 3259 3551 αι-

520 3578 705 3638 niculi
749 3576 930 3637 imam
973 3572 1209 3637 recedit
1247 3582 1508 3651 partem,
1554 3572 1853 3633 orificium
1894 3580 2059 3635 terra
2104 3572 2378 3635 clausum
2423 3573 2749 3657 reliquens.
2837 3578 2907 3638 In
2948 3578 3255 3656 nymphae

527 3674 747 3727 statum
803 3663 1104 3726 transiens
1163 3662 1520 3742 speluncam
1565 3670 1833 3737 ovatam,
1890 3661 2051 3725 intus
2097 3662 2453 3743 laevigatam
2500 3674 2561 3725 et
2602 3664 2855 3745 politam
2900 3665 3017 3729 sibi
3059 3674 3257 3745 parat.

525 3756 809 3836 Quinque
853 3768 1050 3833 prope
1095 3770 1338 3814 menses
1383 3753 1502 3813 hoc
1547 3760 1709 3813 statu
1752 3752 2000 3831 peragit.

623 3866 644 3881 ³
702 3848 932 3905 Larvae
977 3840 1307 3921 praecipue
1351 3856 1565 3903 versus
1609 3848 1989 3917 autumnum,
2034 3860 2149 3921 per
2190 3842 2449 3902 hiemem
2490 3848 2554 3903 et
2596 3841 2815 3931 primo
2840 3860 2989 3905 vere
3034 3844 3257 3907 obviae

522 3942 678 3996 sunt.
737 3933 1064 4011 Imagines
1111 3932 1289 4006 etiam
1332 3930 1572 4011 plurimi
1615 3930 1678 3990 in
1720 3936 1915 4005 terra,
1974 3931 2038 3991 iu
2080 3932 2257 4006 fimo,
2320 3930 2433 3992 sub
2478 3931 2641 3993 foliis
2684 3914 2973 4012 putridis,
3015 3952 3257 4011 musco,

523 4022 820 4101 lapidibus
867 4030 930 4084 et
974 4021 1088 4083 sub
1133 4021 1419 4082 arborum
1465 4020 1692 4082 cortice
1740 4019 2075 4081 hibernant.
2145 4021 2309 4081 Vere
2358 4028 2419 4081 et
2462 4028 2751 4085 attumne
2795 4027 3077 4103 tempore
3125 4044 3260 4087 me·-

525 4114 778 4189 ridiano,
825 4120 1052 4173 aestate
1099 4112 1340 4190 vesperi
1385 4109 1567 4173 coelo
1615 4128 1841 4171 sereno
1887 4109 2131 4189 plurimi
2174 4108 2443 4171 volitant.

1198 4340 1307 4403 De
1369 4339 1954 4403 distributione
2011 4338 2566 4420 geographica.

697 4472 858 4532 Cum
917 4470 1164 4531 omnino
1197 4467 1622 4549 insectorum,
1680 4484 1837 4547 quae
1881 4484 2009 4526 non
2054 4465 2257 4527 solum
2302 4484 2337 4526 e
2384 4466 2631 4529 remotis
2677 4466 2847 4529 orbis
2890 4466 3085 4534 nostri
3132 4476 3255 4530 ter-

519 4574 724 4619 rarum
783 4559 1129 4638 regionibus
1191 4556 1614 4637 adportantur,
1681 4554 1795 4615 sed
1862 4553 1927 4615 iu
2000 4554 2227 4617 nostris
2286 4555 2467 4617 etiam
2532 4556 2713 4617 terris
2772 4555 3045 4638 quotidie
3090 4577 3261 4621 nova

517 4651 918 4727 reperiuntur,
965 4666 1222 4709 numero
1267 4646 1329 4707 iu
1373 4645 1735 4706 immensum
1776 4652 2065 4725 quantum
2110 4644 2401 4707 continuo
2444 4645 2753 4724 gliscente,
2806 4653 2901 4707 tot
2936 4646 3255 4729 mutisque

519 4746 815 4798 terrarum
861 4737 1052 4817 plagis
1095 4754 1174 4797 ne
1221 4755 1260 4796 a
1299 4734 1554 4813 fugitivo
1579 4732 1825 4815 quidem
1854 4740 2103 4795 naturae
2136 4735 2481 4797 strutatoris
2518 4735 2685 4797 calce
2716 4736 2907 4812 tactis,
2935 4734 3255 4819 plerisque
