3409 5250
1206 287 1440 351 Dian-ib.
1483 286 1793 370 geograph.
2792 295 2875 366 19

127 461 480 549 regionibns
512 464 710 546 magis
741 479 824 528 ex
863 484 960 542 eo,
987 461 1152 546 quod
1176 464 1338 527 forte
1382 467 1458 528 in
1501 465 2026 546 peregrinatorum
2072 481 2283 530 matius
2326 459 2551 546 incidit,
2601 473 2867 552 cognitu,

127 579 304 641 quam
347 557 468 618 rite
511 553 1204 636 perlustratis‚·insectis
1247 553 1396 634 ipsis
1443 555 1582 615 deni
1627 575 1723 630 ue,
1758 556 2047 636 imprimis
2090 557 2353 634 minutiS,
2400 579 2555 641 quae
2600 562 2865 644 undique

129 647 486 721 obveniunt,
541 646 823 708 nondum
870 642 1012 706 satis
1059 643 1408 706 examinatis
1457 651 1518 705 et
1561 577 1887 722 illustratiS,
1944 653 2029 724 ut,
2076 665 2239 733 quae·
2280 667 2314 709 e
2360 647 2619 711 diversis
2666 654 2869 731 regio-

123 737 302 798 nibus
351 735 538 798 allata
581 735 793 815 specie
839 734 1172 811 divergant,
1198 733 1637 794 conveniantve
1685 736 1827 796 satis
1870 735 1949 796 sit
1990 737 2386 813 recensitum,
2454 739 2572 804 iam
2620 743 2865 804 omnino

119 828 180 888 in
241 843 328 886 eo
379 843 522 886 esse
567 824 752 886 nobis
799 823 992 885 videri
1037 841 1161 884 non
1208 841 1571 900 possumne,
1630 829 1698 884 ut
1738 825 1849 885 nisi
1896 823 2065 908 quod
2110 826 2363 904 periculi
2410 831 2677 907 speciem
2720 851 2867 909 prae

117 935 192 976 se
239 917 404 976 ferat
447 913 674 994 aliquid
719 911 799 973 <le
847 911 1266 974 distributione
1311 911 1686 975 insectorum
1730 915 2011 992 proferre
2057 915 2365 978 valeamus
2383 964 2397 990 ,
2466 924 2593 979 tum
2634 922 2869 999 praeci-

118 1023 248 1087 pue
298 1004 380 1064 de
425 1003 955 1084 staphylinorum,
1017 1001 1118 1082 qui
1165 1000 1248 1062 ob
1295 1001 1476 1062 studii
1521 989 1872 1064 diffultaterh
1916 1010 1979 1066 et
2024 1006 2305 1084 corporis
2350 1005 2613 1069 habitum
2670 1009 2867 1089 ingra-

117 1103 256 1156 tum
299 1101 368 1155 et
425 1112 610 1174 quam
667 1091 992 1172 plurimum
1047 1089 1332 1168 exiguum
1387 1090 1462 1150 ab
1523 1091 2041 1156 observatioribus
2098 1103 2159 1156 et
2216 1090 2651 1160 collectoribus
2708 1100 2871 1160 inse.

123 1193 375 1245 etot-um
419 1181 734 1264 plerisque
779 1181 1038 1242 maxime
1079 1178 1344 1258 neglecti
1389 1186 1560 1254 sunt,
1621 1181 1958 1244 rationibus
2004 1184 2425 1264 geographicis
2472 1187 2669 1250 minus
2717 1209 2871 1250 non-

124 1273 274 1334 dum
329 1270 668 1334 imtrnctos
723 1289 846 1332 nos
901 1287 1044 1332 esse
1105 1267 1326 1330 elueet.
1443 1269 1692 1332 Etiamsi
1754 1273 2201 1335 observatones
2260 1292 2433 1336 meae
2493 1276 2605 1337 bac
2662 1277 2741 1338 de
2802 1298 2871 1339 re

127 1381 362 1443 paucae
427 1367 490 1423 et
549 1360 946 1439 imperfectae
1001 1365 1174 1436 sunt,
1233 1365 1436 1420 tamen
1482 1377 1560 1420 eo
1605 1359 1807 1424 minus
1854 1379 1961 1424 eas
2004 1379 2292 1443 promere
2338 1363 2547 1427 dubito
2565 1415 2581 1443 ,
2643 1375 2869 1448 quanto

127 1452 320 1532 magis
365 1449 584 1512 studio
625 1447 806 1512 buius
851 1449 1106 1512 familiae
1153 1447 1402 1528 speciali
1449 1447 1763 1512 intersunt.

305 1535 628 1602 Numerus
675 1539 1168 1619 Staphylinorum
1213 1537 1497 1600 relativus
1561 1546 1731 1600 certe
1792 1554 1919 1600 non
1982 1536 2140 1601 adeo
2200 1540 2459 1620 exiguus
2490 1535 2631 1618 est,
2694 1557 2871 1626 quam

127 1649 162 1692 e
207 1630 410 1691 fannis
461 1628 774 1710 plerisque
819 1639 884 1689 et
927 1647 960 1689 e
1007 1625 1296 1707 catalogis
1345 1626 1777 1690 collectionum
1821 1637 2033 1708 patere
2068 1629 2323 1693 videtur.
2390 1634 2457 1694 ln
2506 1634 2873 1696 collectione

129 1719 524 1796 Dejeaniana,
567 1732 748 1800 quam
791 1717 851 1778 in
897 1717 1178 1780 omnibus
1219 1716 1722 1796 eolaopterorum
1767 1717 1998 1778 familiis
2042 1717 2377 1800 aequaliter
2420 1723 2551 1784 fere
2595 1723 2877 1804 locuple-

129 1819 250 1870 tem
295 1827 438 1870 esse
483 1815 744 1882 constat,
789 1805 1125 1887 Staphylini
1171 1805 1274 1867 vix
1319 1806 1476 1867 ultra
1517 1807 1883 1868 tricesimam
1928 1815 2161 1886 partem
2204 1820 2521 1889 occupant,
2584 1821 2647 1875 et
2688 1816 2877 1875 Gara-

131 1899 223 1960 bis
277 1917 548 1960 numero
614 1897 750 1975 plus
807 1895 991 1977 triplo
1045 1895 1342 1956 inferiora
1393 1903 1553 1960 sunt.
1643 1897 1713 1958 ln
1770 1897 2114 1977 Stepbensii
2162 1909 2375 1960 contra
2422 1905 2876 1965 enumeratione

137 1988 524 2050 Insectorum
579 1985 838 2064 Angliae
895 1984 1234 2064 staphylini
1287 1993 1562 2068 quartam
1619 2006 1816 2066 paene
1872 1986 2393 2065 Ooleopterorum
2462 2000 2695 2069 partem
2752 2013 2879 2054 am-

133 2077 504 2157 plectuntur,
553 2085 614 2137 et
637 2074 890 2136 Carabis
931 2074 1120 2154 duplo
1167 2091 1364 2154 prope
1411 2080 1552 2136 sunt
1595 2075 2039 2153 numerosiora,
2086 2083 2149 2138 et
2190 2078 2353 2139 idem
2396 2081 2529 2140 fere
2574 2081 2631 2141 in
2668 2081 2877 2144 Fauna

135 2187 272 2228 mea
317 2165 638 2228 Marchica
681 2165 948 2244 reperio,
971 2164 1076 2226 nbi
1115 2163 1454 2243 staphylini
1493 2165 1769 2226 carabos
1798 2165 2005 2244 -dnplo
2052 2183 2309 2228 numero
2357 2178 2663 2247 superant.
2709 2171 2879 2232 Hanc

139 2257 406 2318 eandem
449 2254 916 2334 proportionem
963 2253 1140 2315 etiam
1185 2253 1436 2315 omnino
1481 2253 1686 2315 valere
1734 2253 1875 2318 mihi
1920 2271 2294 2332 persuasum,
2352 2273 2492 2318 nam
2538 2260 2880 2338 specierum

149 2345 526 2407 exoticarmu
565 2343 748 2423 copia
791 2361 928 2404 eam
971 2343 1054 2404 ob
1111 2359 1360 2406 canum
1417 2342 1638 2422 exigua
1691 2343 1751 2404 in
1800 2342 2267 2408 collectionibus
2314 2348 2667 2426 reperiuir,'
2716 2351 2881 2432 quod

137 2434 638 2516 peregrinatores
659 2433 1026 2513 staphylinis
1073 2431 1382 2513 plerisque
1427 2433 1694 2511 parvulis
1740 2439 1805 2493 et
1840 2429 2002 2494 victu
2046 2432 2413 2514 absconditis
2462 2438 2657 2499 minus
2704 2459 2883 2520 quam

138 2523 268 2588 aliis
317 2521 715 2603 Coleopteris
761 2521 1116 2600 colligendis
1164 2537 1415 2601 operam
1457 2528 1850 2597 navaverunt,
1908 2528 1969 2584 et
2012 2541 2375 2606 quamquam
2421 2536 2704 2590 auctores
2754 2530 2854 2610 qui
2874 2571 2887 2580 -

139 2615 280 2677 dem
347 2614 586 2693 (Pei-ty,
651 2611 1040 2687 Laoordaire)
1105 2610 1496 2691 Smpbylinos
1543 2613 1600 2675 in
1647 2611 1895 2691 tropicis
1940 2612 2121 2675 terris
2164 2614 2357 2677 multo
2404 2616 2601 2678 minus
2667 2617 2885 2698 eopio-

141 2724 252 2767 sos
299 2723 450 2765 esse
497 2722 678 2785 quam
721 2701 888 2781 apud
933 2720 1050 2763 nos
1098 2703 1498 2777 affirmarunt,
1557 2708 1759 2763 tamen
1801 2702 1955 2763 hanc
2000 2722 2128 2765 rem
2174 2717 2300 2766 non
2348 2706 2551 2767 solum
2596 2707 2677 2767 ob
2742 2728 2886 2770 cau-

147 2812 274 2855 sam
317 2792 518 2855 modo
565 2792 866 2853 laudatam
905 2808 1129 2853 revera
1171 2790 1266 2852 sie
1309 2805 1473 2878 sese‘
1495 2785 1719 2853 habere
1766 2790 2101 2854 acclamare
2146 2812 2409 2875 nequeo,
2446 2796 2557 2857 sed
2593 2816 2672 2858 eo
2706 2798 2885 2861 etiam

149 2884 224 2945 de
265 2884 452 2961 facto,
501 2882 670 2963 quod
713 2880 1092 2943 insectorum
1137 2879 1384 2961 quidem
1427 2878 1729 2942 collector
1772 2880 2024 2943 sedulus
2072 2896 2436 2966 gnarusque,
2482 2883 2537 2945 D
2558 2904 2688 2948 om.
2726 2888 2797 2947 Μ
2814 2908 2887 2950 o-

145 2974 320 3049 ritz,
379 2990 462 3033 ex
526 2970 806 3036 America
864 2962 1290 3051 aequinoctiali
1331 2976 1564 3031 tantum
1622 2988 1698 3031 ex
1757 2970 1871 3031 hac
1915 2969 2139 3033 familia
2180 2974 2525 3050 specierum
2568 2988 2887 3039 numerum

147 3060 524 3143 apportavit,
581 3068 650 3121 ut
703 3078 832 3121 non
891 3059 1082 3121 modo
1145 3076 1222 3119 ne
1281 3058 1644 3120 minutarum
1701 3058 1945 3141 quidem
2006 3060 2345 3139 specierum
2404 3064 2583 3143 copia
2636 3066 2887 3145 tropicis

145 3150 510 3231 regionibus
571 3156 770 3211 terrae
815 3156 1064 3210 nostrae
1109 3154 1422 3227 praestare
1465 3147 1801 3222 videantur,
1860 3145 1969 3209 sed
2018 3168 2093 3209 ex
2142 3151 2355 3212 eadem
2402 3144 2581 3214 etiam
2624 3166 2887 3235 propor-
2928 3188 2939 3197 ·

147 3243 350 3317 tione,
399 3258 586 3320 quam
630 3238 790 3319 apud
835 3256 954 3301 nos
997 3236 1204 3299 valere
1245 3238 1608 3313 memoravi,
1657 3236 1908 3317 duplum
1954 3238 2084 3299 fere
2132 3255 2345 3300 eorum
2396 3259 2573 3321 quam
2620 3246 2891 3305 carabo-

149 3350 284 3393 rum
326 3346 656 3391 numerum
701 3326 1034 3406 collegerit.
1125 3326 1294 3388 Cave
1341 3335 1569 3403 autem,
1627 3344 1769 3387 cum
1812 3327 1873 3387 in
1922 3328 2131 3409 quavis
2189 3329 2443 3408 regione
2503 3330 2891 3411 staphylino-

145 3434 282 3481 rum
339 3417 590 3497 copiam
639 3416 934 3478 maiorem
991 3432 1136 3477 esse
1195 3414 1574 3477 Caraborum
1631 3428 1893 3477 numero
1964 3425 2250 3487 constare
2308 3411 2606 3497 videatur,
2672 3434 2753 3482 ne
2815 3442 2893 3483 ex

151 3510 368 3571 eadem
415 3505 654 3568 ratione
701 3506 948 3567 omnino
995 3505 1385 3584 Staphylinos
1433 3518 1688 3567 numero
1738 3506 1925 3584 duplo
1972 3518 2267 3585 superare
2315 3509 2589 3571 carabos
2636 3511 2892 3573 conclu—

153 3600 276 3674 das,
337 3616 488 3659 cum
533 3594 1028 3675 staphylinorum
1072 3596 1315 3673 species
1363 3594 1636 3671 singulae
1681 3595 1873 3657 molto
1916 3592 2109 3675 magis
2158 3596 2479 3676 dissipatae
2526 3599 2656 3675 sint,
2724 3610 2787 3662 ut
2834 3602 2892 3662 in

153 3686 506 3768 regionibus
567 3684 932 3766 aliquantum
991 3684 1344 3757 distantibus
1401 3684 1781 3747 Caraborum
1838 3685 2021 3745 fauna
2077 3686 2330 3747 maxima
2384 3699 2465 3748 ex·
2534 3700 2705 3768 parte
2763 3692 2895 3769 alia,

155 3774 658 3859 staphylinorum
717 3774 932 3835 eadem
985 3772 1082 3835 sit.
1171 3773 1532 3855 Specierum
1591 3774 2051 3853 Europaearam
2110 3776 2403 3837 maiorum
2450 3790 2609 3857 pars·
2641 3798 2756 3859 per
2801 3788 2895 3841 to-

155 3878 270 3929 tam
311 3867 474 3927 banc
523 3862 692 3925 orbis
737 3872 1036 3926 terrarum
1079 3871 1314 3941 partem
1359 3859 1544 3925 obvia
1601 3868 1732 3937 est,
1790 3870 1859 3925 ut
1910 3870 2259 3925 nostrarum
2316 3866 2613 3945 plurimae
2672 3870 2897 3949 pariter

161 3954 538 4037 Lapponiam
591 3958 774 4035 atque
831 3951 1100 4013 Siciliam
1155 3947 1452 4029 habitent,
1515 3959 1578 4015 et
1635 3951 1931 4033 plurimae
1978 3971 2135 4035 quae
2180 3953 2241 4017 in
2286 3962 2415 4017 tota
2459 3958 2605 4017 Asia
2654 3966 2897 4037 septen-

157 4044 398 4109 trionali
443 4040 722 4121 (Sibiria)
769 4041 1150 4121 reperiantur
1192 4042 1434 4121 species
1479 4059 1620 4105 cum
1663 4042 2005 4122 Europaeis
2052 4054 2404 4122 congruant,
2448 4046 2671 4106 multae
2718 4047 2895 4107 etiam

151 4154 264 4215 per
307 4142 510 4197 totam
555 4132 870 4193 Orientem
913 4130 1144 4210 (Asiam
1189 4132 1518 4208 minorem,
1561 4128 1831 4210 Syriam,
1876 4132 2258 4211 Aegyptum)
2296 4133 2702 4213 inveniantur,
2749 4135 2898 4197 aliae

155 4224 384 4303 pariter
415 4222 478 4283 in
503 4221 802 4282 America-
833 4218 1290 4299 septenttionali
1333 4218 1652 4302 indigenae
1697 4220 1831 4296 sint,
1872 4220 2201 4283 nonnullae
2246 4210 2676 4285 remotioribus
2726 4224 2903 4285 etiam

161 4312 312 4377 locis
357 4310 768 4391 reperiantur.
835 4306 1166 4390 Sequentia
1210 4322 1354 4385 sunt
1399 4330 1556 4395 quae
1601 4311 1715 4372 bac
1762 4310 1839 4371 de
1884 4328 1955 4370 re
1999 4312 2315 4394 hucusque
2345 4312 2667 4375 observavi
2716 4316 2901 4376 facta:

330 4403 564 4464 Totam
609 4400 742 4461 fere
787 4398 1098 4477 Europam
1143 4403 1204 4463 et
1251 4400 1563 4463 Orientem
1607 4399 1899 4472 habitanti

327 4488 768 4554 Homalota
809 4488 1196 4567 gregaria.
1447 4502 1456 4507 ·

327 4578 776 4642 Aleochara
817 4574 1114 4639 tristis.

509 4698 596 4715 -
830 4662 1092 4748 bisign
1105 4670 1180 4729 at
1195 4680 1250 4728 a.

511 4788 598 4809 ⁶-
831 4751 1104 4817 nitldfio
